ts,buyer,seller,price,qty,aggressor,mid_at_trade
0.000000,N10,seed,100.05,77,buy,100.000000
0.100000,seed,N6,99.95,47,sell,99.995000
0.600000,seed,N8,99.95,16,sell,99.995000
0.900000,N0,MM,100.04,34,buy,99.995000
1.300000,N0,MM,100.04,13,buy,99.995000
1.300000,N3,MM,100.04,33,buy,99.995000
1.300000,N3,seed,100.05,23,buy,100.000000
1.300000,N3,N7,100.06,3,buy,100.005000
1.500000,N8,CA,100.03,81,sell,100.065000
1.700000,N11,N9,100.10,49,buy,100.075000
2.300000,N10,N9,100.10,20,buy,100.095000
3.000000,N5,N6,100.16,71,buy,100.140000
3.000000,N5,N7,100.83,17,buy,100.475000
3.200000,N10,N12,100.12,49,sell,100.145000
3.200000,N7,N12,100.09,6,sell,100.130000
3.500000,N7,N11,100.09,56,sell,100.130000
3.500000,MM,N11,100.07,3,sell,100.120000
3.500000,CA,MM,100.17,36,buy,100.120000
4.600000,MM,N5,100.07,40,sell,100.120000
4.900000,N11,N7,100.14,68,sell,100.155000
5.000000,N6,MM,100.17,44,buy,100.155000
5.000000,N6,N0,100.20,32,buy,100.170000
5.000000,N6,N9,100.25,3,buy,100.195000
5.300000,N11,N7,100.14,11,sell,100.195000
5.300000,N12,N7,100.10,11,sell,100.175000
5.300000,MM,N7,100.07,16,sell,100.160000
5.400000,MM,N6,100.07,21,sell,100.160000
5.400000,N13,N6,100.05,45,sell,100.150000
5.600000,N11,N1,100.08,35,sell,100.165000
5.600000,N13,N1,100.05,32,sell,100.150000
5.600000,N13,N4,100.05,13,sell,100.150000
5.600000,N8,N4,100.03,16,sell,100.140000
5.600000,N3,N4,100.03,6,sell,100.140000
6.700000,N5,N6,100.19,23,sell,100.220000
7.100000,N3,N9,100.25,22,buy,100.220000
7.100000,N3,N3,100.26,11,buy,100.225000
7.800000,N7,N3,100.26,30,buy,100.225000
7.800000,N7,MM,100.28,33,buy,100.235000
7.900000,N5,N7,100.19,28,sell,100.235000
7.900000,MM,N7,100.18,29,sell,100.230000
7.900000,N12,MM,100.28,47,buy,100.230000
8.400000,N1,N14,100.31,16,buy,100.295000
8.800000,N1,N8,100.32,55,sell,100.345000
9.200000,N10,N0,100.35,15,buy,100.335000
9.500000,N1,N0,100.35,21,buy,100.325000
9.500000,N10,N0,100.35,30,buy,100.325000
9.500000,N10,N4,100.37,33,buy,100.335000
10.000000,N14,N6,100.30,36,sell,100.335000
10.400000,N1,N4,100.37,34,buy,100.340000
10.400000,N1,N13,100.37,25,buy,100.340000
10.700000,N10,N10,100.36,18,buy,100.335000
10.800000,N3,N10,100.36,19,buy,100.335000
10.800000,N3,N13,100.37,36,buy,100.340000
10.800000,N3,MM,100.37,22,buy,100.340000
11.000000,N3,MM,100.37,58,buy,100.340000
11.000000,N3,N8,100.38,6,buy,100.345000
11.000000,N4,N8,100.38,8,buy,100.345000
11.000000,N4,N0,100.38,35,buy,100.345000
11.000000,N4,N6,100.40,11,buy,100.355000
11.000000,N4,N2,100.47,22,buy,100.390000
11.700000,N8,N1,100.44,44,buy,100.375000
11.700000,N8,N2,100.47,47,buy,100.390000
11.900000,N2,N2,100.47,29,buy,100.415000
12.200000,N5,MM,100.44,80,buy,100.415000
12.800000,N3,N5,100.36,80,sell,100.425000
12.800000,N9,N5,100.36,12,sell,100.425000
12.800000,N6,N12,100.49,33,buy,100.425000
13.200000,N9,N6,100.36,14,sell,
13.200000,N12,N6,100.36,29,sell,
14.400000,N14,N6,100.54,23,buy,100.515000
15.100000,N11,MM,100.63,42,buy,100.580000
15.300000,N11,MM,100.63,38,buy,100.595000
16.300000,N2,N4,100.59,21,sell,100.735000
16.300000,N8,N4,100.57,22,sell,100.725000
16.400000,N12,N11,100.88,10,buy,100.725000
17.300000,N14,N0,100.59,89,buy,100.580000
17.700000,N0,N1,100.67,70,buy,100.620000
18.000000,N8,N6,100.57,20,sell,100.620000
18.000000,N13,N6,100.57,27,sell,100.620000
18.000000,N8,N6,100.56,17,sell,100.615000
18.000000,CA,N6,100.56,15,sell,100.615000
18.000000,N0,MM,100.55,52,sell,100.555000
18.100000,N7,N8,100.53,30,sell,100.535000
18.100000,N11,MM,100.54,28,buy,100.535000
18.100000,N11,N6,100.56,12,buy,100.545000
18.100000,N11,N1,100.67,2,buy,100.600000
18.200000,N10,N1,100.67,20,buy,100.600000
18.200000,N10,N3,100.69,31,buy,100.610000
18.600000,N7,N6,100.53,23,sell,
19.400000,N7,N5,100.53,29,sell,
19.400000,N12,N5,100.52,21,sell,
19.400000,N9,N5,100.50,27,sell,
19.400000,N9,CB,100.50,43,sell,
19.400000,N12,CB,100.50,5,sell,
20.100000,N12,N13,100.50,23,sell,100.505000
20.700000,N12,N14,100.50,16,sell,100.505000
20.800000,N12,N10,100.50,17,sell,100.505000
20.800000,CA,N10,100.49,78,sell,100.500000
20.900000,CA,N13,100.49,20,sell,100.500000
20.900000,N1,N13,100.49,47,sell,100.500000
20.900000,N1,N14,100.49,29,sell,100.500000
20.900000,N6,N14,100.48,18,sell,100.495000
20.900000,N6,CB,100.48,61,sell,100.495000
21.000000,N6,N5,100.48,16,sell,100.495000
21.000000,N6,N5,100.44,7,sell,100.475000
21.100000,N1,N6,100.51,13,buy,100.475000
21.100000,N1,MM,100.51,74,buy,100.475000
21.100000,N6,N5,100.44,32,sell,100.475000
21.100000,N4,N5,100.44,12,sell,100.475000
21.400000,N4,N12,100.44,53,sell,100.455000
21.400000,N8,N12,100.43,29,sell,100.450000
21.500000,N8,N1,100.43,21,sell,100.450000
21.500000,N0,N1,100.42,28,sell,100.445000
21.500000,MM,N1,100.41,44,sell,100.440000
21.500000,MM,N6,100.41,36,sell,100.440000
21.500000,N1,N6,100.39,7,sell,100.430000
21.600000,N1,N10,100.39,3,sell,100.430000
21.600000,N2,N10,100.38,18,sell,100.425000
22.300000,N2,N10,100.38,12,sell,100.390000
22.300000,N12,N10,100.36,12,sell,100.380000
22.300000,N7,N10,100.34,20,sell,100.370000
22.500000,N7,N0,100.34,35,sell,100.370000
22.500000,N10,N0,100.34,10,sell,100.370000
22.500000,N10,N5,100.34,44,sell,100.370000
22.500000,N10,N7,100.34,33,sell,100.370000
22.500000,N7,N7,100.33,66,sell,100.365000
22.700000,N7,N7,100.33,2,sell,100.355000
22.700000,N12,N7,100.31,22,sell,100.345000
22.700000,N14,N7,100.30,50,sell,100.340000
22.800000,N14,N3,100.30,1,sell,100.340000
22.800000,N8,N3,100.21,35,sell,100.295000
22.800000,N14,N3,100.18,2,sell,100.280000
22.800000,N12,N11,100.38,17,buy,100.280000
22.800000,N12,N3,100.39,19,buy,100.285000
22.800000,N12,N10,100.40,54,buy,100.290000
22.800000,N14,N14,100.18,60,sell,100.290000
23.300000,N3,N0,100.38,27,buy,100.280000
23.600000,N0,CB,100.32,67,sell,100.345000
23.600000,N14,CB,100.18,11,sell,100.275000
23.600000,N9,CB,100.15,5,sell,100.260000
23.800000,N5,CA,100.17,24,sell,100.270000
24.900000,N6,MM,100.30,34,buy,100.250000
24.900000,MM,N13,100.20,80,sell,100.250000
24.900000,N5,N13,100.17,10,sell,100.235000
25.400000,N5,N10,100.17,18,sell,100.235000
25.400000,N0,N10,100.16,31,sell,100.230000
25.800000,N8,N3,100.29,50,buy,100.225000
26.100000,CB,N5,100.28,30,sell,100.285000
26.100000,N9,N5,100.15,16,sell,100.220000
26.100000,N14,N5,100.12,22,sell,100.205000
26.100000,N14,N9,100.12,10,sell,100.205000
26.300000,N14,N2,100.12,55,sell,100.190000
26.300000,seed,N2,99.95,31,sell,100.105000
26.600000,N0,N0,100.26,70,buy,100.210000
26.600000,N0,N3,100.29,26,buy,100.225000
26.600000,N11,N1,100.16,29,sell,100.225000
26.600000,N11,N2,100.16,11,sell,100.225000
26.600000,N10,N2,100.11,37,sell,100.200000
26.600000,seed,N2,99.95,6,sell,100.120000
26.600000,N4,N3,100.29,20,buy,
26.600000,N4,MM,100.30,46,buy,
26.600000,N4,N5,100.30,14,buy,
27.300000,N5,N13,100.26,37,buy,100.235000
27.300000,N5,N1,100.27,15,buy,100.240000
27.500000,MM,N3,100.21,57,sell,100.240000
27.500000,MM,CB,100.21,23,sell,100.240000
27.900000,N13,N1,100.27,35,buy,
28.100000,N4,N1,100.27,9,buy,
28.100000,N4,N9,100.29,22,buy,
28.300000,N1,N1,100.20,41,sell,100.245000
28.300000,N10,N9,100.29,17,buy,
29.800000,N6,MM,100.31,80,buy,100.275000
29.800000,N6,N4,100.32,2,buy,100.280000
29.900000,N5,N4,100.32,52,buy,100.280000
30.200000,N3,N4,100.32,8,buy,100.305000
30.200000,N3,N6,100.32,8,buy,100.305000
30.200000,N6,N6,100.32,26,buy,100.305000
30.200000,N6,CA,100.33,13,buy,100.310000
30.400000,N1,CA,100.33,34,buy,100.310000
30.400000,N1,N8,100.35,13,buy,100.320000
30.600000,N0,N8,100.35,9,buy,100.320000
30.600000,N0,N7,100.36,51,buy,100.325000
30.700000,N13,N7,100.32,13,buy,100.305000
30.700000,N13,N13,100.37,53,buy,100.330000
30.700000,N13,CA,100.37,13,buy,100.330000
31.100000,N4,CA,100.37,33,buy,100.330000
31.300000,N4,CA,100.37,13,sell,100.375000
31.300000,MM,CA,100.29,61,sell,100.335000
31.600000,N9,N14,100.38,18,buy,100.350000
31.600000,N9,N11,100.38,14,buy,100.350000
31.600000,N9,MM,100.39,1,buy,100.355000
32.300000,N4,N3,100.35,33,buy,100.335000
32.500000,N3,N6,100.32,44,sell,100.335000
32.500000,N14,N6,100.32,54,sell,100.335000
32.800000,N14,N8,100.32,12,sell,100.335000
32.800000,MM,N8,100.29,19,sell,100.320000
32.800000,N12,N8,100.27,33,sell,100.310000
32.800000,N12,N13,100.27,24,sell,100.310000
32.800000,N10,N13,100.24,34,sell,100.295000
32.800000,N1,N13,100.24,5,sell,100.295000
33.300000,N5,MM,100.26,80,buy,100.250000
33.300000,N5,N12,100.29,16,buy,100.265000
33.300000,N1,N9,100.24,59,sell,100.265000
33.300000,N7,N9,100.21,14,sell,100.250000
33.800000,N8,N12,100.29,51,buy,100.250000
33.800000,N8,N3,100.33,5,buy,100.270000
34.100000,N4,N6,100.32,35,sell,100.325000
34.100000,N7,N14,100.21,50,sell,100.255000
34.200000,N1,N6,100.30,51,buy,100.255000
34.200000,N1,N3,100.33,11,buy,100.270000
34.300000,N1,N3,100.33,23,buy,100.270000
34.400000,N14,N3,100.33,12,buy,100.270000
35.100000,N0,N2,100.36,26,buy,100.350000
35.300000,N5,N2,100.36,27,buy,100.350000
35.400000,N0,N2,100.36,34,buy,100.350000
35.400000,N0,N13,100.39,48,buy,100.365000
35.400000,N14,N13,100.39,47,buy,100.365000
35.400000,N14,N11,100.41,33,buy,100.375000
36.200000,N13,N9,100.40,78,sell,100.405000
36.300000,N5,N11,100.41,13,buy,100.405000
36.300000,N6,N11,100.41,3,buy,100.405000
36.300000,N6,N11,100.44,23,buy,100.420000
36.300000,N6,N9,100.45,69,buy,100.425000
36.700000,N6,N2,100.42,15,sell,100.435000
37.400000,N13,N4,100.40,15,sell,100.425000
37.400000,MM,N4,100.40,37,sell,100.425000
37.500000,N0,N9,100.45,27,buy,100.425000
37.500000,N0,CA,100.45,3,buy,100.425000
37.500000,N12,CA,100.45,22,buy,100.425000
37.600000,N14,CA,100.45,54,buy,100.425000
37.600000,N14,N1,100.46,8,buy,100.430000
37.700000,N8,N1,100.46,38,buy,100.435000
37.900000,N2,N10,100.41,16,sell,100.435000
38.100000,N8,N1,100.46,44,buy,100.435000
38.100000,N8,N6,100.48,55,buy,100.445000
38.300000,N13,N6,100.48,3,buy,100.460000
38.300000,N13,N3,100.50,8,buy,100.470000
38.300000,N14,N3,100.50,48,buy,100.470000
38.300000,N14,N5,100.50,22,buy,100.470000
38.400000,N4,N5,100.50,11,buy,100.470000
38.400000,N4,MM,100.50,68,buy,100.470000
38.400000,N14,MM,100.50,12,buy,100.470000
38.400000,N14,CB,100.53,26,buy,100.485000
38.900000,N2,N2,100.44,11,sell,100.500000
39.000000,N13,N3,100.51,46,sell,100.535000
39.000000,N2,N3,100.44,18,sell,100.500000
40.600000,N10,N9,100.50,16,sell,100.520000
41.100000,N0,N11,100.54,48,buy,100.530000
41.100000,N0,MM,100.55,46,buy,100.535000
41.100000,N5,MM,100.55,20,buy,100.535000
41.200000,N3,MM,100.55,14,buy,100.535000
41.200000,N3,N11,100.56,50,buy,100.540000
41.700000,N2,N11,100.56,13,buy,100.540000
42.200000,N0,N11,100.56,29,buy,100.540000
42.200000,N0,N0,100.60,50,buy,100.560000
42.300000,CB,N0,100.60,36,buy,100.560000
42.300000,CB,N11,100.61,16,buy,100.565000
42.600000,N2,N11,100.61,54,buy,100.565000
42.600000,N2,N13,100.62,7,buy,100.570000
42.600000,N9,N13,100.62,11,buy,100.570000
42.700000,N11,N13,100.62,37,buy,100.570000
42.700000,N11,MM,100.62,43,buy,100.570000
42.700000,N13,MM,100.62,37,buy,100.570000
43.000000,N0,N14,100.66,46,buy,100.645000
43.000000,N11,N14,100.66,19,buy,100.645000
43.000000,N11,N9,100.67,65,buy,100.650000
43.300000,N13,N11,100.63,45,sell,100.650000
43.300000,N6,N11,100.62,4,sell,100.645000
43.900000,N13,N14,100.66,49,sell,100.665000
44.200000,N13,N9,100.66,4,sell,100.680000
44.200000,N6,N9,100.62,22,sell,100.660000
44.200000,CA,N9,100.53,9,sell,100.615000
44.700000,N1,N4,100.70,58,buy,100.615000
44.700000,N1,N13,100.70,6,buy,100.615000
44.700000,N4,N13,100.70,67,buy,100.615000
45.200000,N3,N10,100.62,18,sell,100.635000
45.200000,N6,N10,100.61,48,sell,100.630000
45.400000,N6,N2,100.61,13,sell,100.630000
45.600000,N7,N2,100.58,74,buy,100.565000
46.000000,MM,N4,100.55,38,sell,100.555000
46.200000,MM,N0,100.55,11,sell,100.555000
46.200000,MM,N8,100.55,30,sell,100.555000
46.500000,MM,N1,100.55,1,sell,100.555000
46.500000,CA,N1,100.53,45,sell,100.545000
46.500000,N10,N1,100.53,28,sell,100.545000
46.500000,N10,N14,100.53,17,sell,100.545000
46.600000,N10,CA,100.53,4,sell,100.545000
46.600000,N12,CA,100.53,47,sell,100.545000
46.700000,N12,N13,100.56,74,buy,100.545000
47.000000,N12,N13,100.56,13,buy,100.545000
47.000000,N12,N14,100.57,46,buy,100.550000
47.000000,N12,N2,100.58,3,buy,100.555000
47.200000,N12,N7,100.53,2,sell,100.555000
47.200000,N13,N7,100.51,64,sell,100.545000
47.300000,N2,N2,100.58,8,buy,100.545000
47.300000,N2,N2,100.58,20,buy,100.545000
47.300000,N13,N5,100.51,15,sell,100.545000
47.300000,N10,N5,100.50,20,sell,100.540000
47.800000,N10,N7,100.50,33,sell,100.540000
47.800000,N8,N7,100.49,33,sell,100.535000
49.200000,N13,CA,100.56,52,buy,100.545000
49.300000,N11,CA,100.56,40,buy,100.545000
49.300000,N11,N4,100.56,18,buy,100.545000
49.300000,N11,N2,100.58,6,buy,100.555000
49.400000,N10,CA,100.53,18,sell,100.555000
49.800000,MM,N12,100.52,80,sell,100.525000
49.800000,N8,N12,100.49,11,sell,100.510000
50.200000,N2,N3,100.50,82,sell,100.515000
50.200000,N8,N3,100.49,7,sell,100.510000
50.300000,N2,CA,100.53,14,buy,100.510000
50.300000,N11,CA,100.53,54,buy,100.510000
50.300000,N11,N3,100.58,21,buy,100.535000
50.300000,N12,N3,100.58,77,buy,100.535000
50.300000,N12,N9,100.61,11,buy,100.550000
50.800000,N5,N8,100.47,12,sell,100.500000
50.800000,N5,N14,100.47,21,sell,100.500000
50.800000,CA,N14,100.46,17,sell,100.495000
50.900000,N12,N0,100.53,43,buy,100.495000
50.900000,N12,CB,100.53,46,buy,100.495000
51.000000,N3,CB,100.53,18,buy,100.495000
51.000000,N3,N9,100.61,18,buy,100.535000
51.000000,N3,CA,100.61,17,buy,100.535000
51.000000,N3,MM,100.62,12,buy,100.540000
51.500000,CA,N5,100.46,38,sell,100.495000
51.500000,N7,N5,100.43,2,sell,100.480000
51.800000,N7,N1,100.43,8,sell,100.480000
51.800000,MM,N1,100.43,80,sell,100.480000
51.800000,N8,N1,100.42,4,sell,100.475000
51.800000,N8,N14,100.42,60,sell,100.430000
51.900000,N8,N1,100.42,26,sell,100.430000
51.900000,N7,N1,100.40,18,sell,100.420000
51.900000,N7,N7,100.40,21,sell,100.420000
51.900000,N8,N7,100.35,73,sell,100.395000
52.200000,CA,N5,100.42,42,buy,100.410000
52.400000,N9,N10,100.40,43,sell,100.410000
52.400000,N1,N10,100.38,11,sell,100.400000
52.400000,N8,N10,100.35,15,sell,100.385000
52.400000,N12,N10,100.33,1,sell,100.375000
52.600000,N12,N6,100.33,26,sell,100.375000
52.800000,N7,N5,100.42,52,buy,100.375000
52.800000,N7,N9,100.44,15,buy,100.385000
53.000000,N12,N8,100.33,65,sell,100.355000
53.000000,N1,N8,100.30,23,sell,100.340000
54.000000,MM,N2,100.38,67,buy,100.340000
54.100000,MM,N13,100.38,13,sell,100.395000
54.100000,N1,N13,100.30,12,sell,100.355000
54.200000,N1,N11,100.30,10,sell,100.355000
54.200000,CA,N11,100.30,49,sell,100.355000
54.200000,N0,N11,100.27,11,sell,100.340000
54.700000,CA,N8,100.41,53,buy,100.340000
54.700000,CA,N9,100.44,12,buy,100.355000
55.000000,N0,N9,100.44,63,buy,100.355000
55.300000,N11,N9,100.44,3,buy,100.390000
55.300000,N11,N9,100.44,31,buy,100.390000
55.300000,N11,N12,100.44,5,buy,100.390000
55.500000,N7,N12,100.44,74,buy,100.410000
55.500000,N7,MM,100.48,6,buy,100.430000
55.600000,N3,MM,100.48,40,buy,100.430000
55.700000,N6,MM,100.48,34,buy,100.430000
55.700000,N6,N5,100.50,60,buy,100.440000
55.700000,N11,N5,100.50,17,buy,100.440000
55.900000,N6,N5,100.50,11,buy,100.440000
55.900000,N6,N2,100.54,75,buy,100.460000
56.100000,N6,N2,100.54,3,buy,100.530000
56.100000,N6,N6,100.58,58,buy,100.550000
56.100000,N6,N7,100.58,33,buy,100.550000
56.300000,N3,N7,100.58,7,buy,100.570000
56.300000,N3,N5,100.59,42,buy,100.575000
56.600000,N6,N9,100.56,24,sell,100.575000
56.900000,N12,N5,100.59,33,buy,100.580000
57.200000,N8,N13,100.63,61,buy,100.615000
57.800000,N14,N5,100.61,58,sell,100.620000
57.800000,N2,N5,100.61,6,sell,100.620000
57.900000,N14,N13,100.63,37,buy,100.620000
57.900000,N14,MM,100.65,22,buy,100.630000
58.000000,N2,N6,100.61,33,sell,100.630000
58.000000,N12,N6,100.60,12,sell,100.625000
58.000000,N14,N8,100.57,22,sell,100.580000
59.300000,N9,N9,100.58,28,sell,100.600000
59.400000,N13,CB,100.62,35,buy,100.600000
59.500000,N3,CB,100.62,22,buy,100.600000
59.700000,N9,N0,100.58,23,sell,100.600000
59.700000,N14,N0,100.57,23,sell,100.595000
59.700000,N6,N0,100.56,35,sell,100.590000
59.700000,N6,N13,100.56,5,sell,100.590000
59.700000,MM,N13,100.55,22,sell,100.585000
60.000000,MM,N2,100.55,58,sell,100.585000
60.000000,N9,N2,100.55,31,sell,100.585000
60.000000,N9,MM,100.55,42,sell,100.585000
60.000000,N10,MM,100.54,37,sell,100.580000
60.000000,N4,MM,100.54,1,sell,100.580000
60.400000,N4,N7,100.54,36,sell,100.545000
60.400000,N8,N7,100.51,50,sell,100.530000
60.400000,N1,N8,100.51,66,sell,100.530000
60.400000,N1,N9,100.51,18,sell,100.530000
60.500000,N11,N13,100.45,52,sell,100.485000
60.500000,N12,N13,100.43,2,sell,100.475000
60.800000,N13,N3,100.46,12,sell,100.490000
60.900000,N1,N1,100.52,16,buy,100.490000
61.600000,N9,N1,100.52,62,buy,100.490000
61.600000,N9,N14,100.56,9,buy,100.510000
61.600000,CA,N14,100.56,43,buy,100.510000
61.600000,CA,N10,100.57,51,buy,100.515000
61.700000,N13,N7,100.46,35,sell,100.515000
61.700000,N12,N7,100.46,30,sell,100.515000
61.800000,N6,N10,100.57,5,buy,100.515000
61.800000,N6,N12,100.58,26,buy,100.520000
62.200000,N12,N9,100.46,24,sell,100.520000
62.200000,N5,N9,100.43,5,sell,100.505000
62.900000,N5,N11,100.51,39,buy,100.470000
62.900000,N5,N12,100.58,21,buy,100.505000
62.900000,N5,N10,100.60,21,buy,100.515000
63.100000,MM,N11,100.44,80,sell,100.470000
63.100000,N5,N11,100.43,19,sell,100.465000
63.100000,N12,N14,100.50,56,buy,100.465000
63.100000,N12,N9,100.52,35,buy,100.475000
63.500000,N5,N9,100.52,48,buy,100.475000
63.500000,N5,MM,100.54,40,buy,100.485000
64.100000,N5,CA,100.43,33,sell,100.445000
64.200000,N4,N6,100.46,15,buy,100.445000
64.200000,N4,N0,100.51,31,buy,100.470000
64.200000,N4,MM,100.54,24,buy,100.485000
64.200000,N12,N6,100.43,43,sell,100.485000
64.200000,N0,N6,100.38,9,sell,100.460000
65.100000,N1,N3,100.47,52,sell,100.505000
65.400000,N5,CA,100.49,21,buy,100.480000
65.400000,N1,N6,100.47,39,sell,100.480000
65.400000,N5,N6,100.44,17,sell,100.465000
65.500000,N4,CA,100.49,21,buy,100.465000
65.700000,N13,N10,100.42,30,sell,100.450000
66.200000,N13,N11,100.42,9,sell,100.450000
66.200000,MM,N11,100.42,11,sell,100.450000
66.600000,MM,N7,100.42,27,sell,100.450000
66.700000,N1,N7,100.48,87,buy,100.450000
66.900000,MM,N3,100.42,42,sell,100.450000
66.900000,N3,N3,100.40,9,sell,100.440000
66.900000,N3,N11,100.40,17,sell,100.440000
66.900000,CB,N11,100.39,19,sell,100.435000
66.900000,N0,N11,100.38,18,sell,100.430000
67.200000,N7,N7,100.46,69,buy,100.440000
67.200000,N7,N7,100.48,1,buy,100.450000
67.200000,N7,CA,100.49,15,buy,100.455000
67.200000,N7,N5,100.51,3,buy,100.465000
68.200000,N13,N5,100.51,54,buy,100.490000
68.200000,N13,MM,100.52,2,buy,100.495000
69.800000,N3,N13,100.52,60,sell,100.540000
70.000000,N10,N14,100.56,55,buy,100.540000
70.000000,N10,N2,100.58,24,buy,100.550000
71.100000,N3,N11,100.52,14,sell,100.550000
71.200000,N7,N10,100.49,41,sell,100.500000
71.400000,N7,N6,100.49,48,sell,100.500000
71.400000,MM,N6,100.49,37,sell,100.500000
71.500000,N5,N11,100.51,9,buy,100.500000
71.500000,N5,N2,100.58,12,buy,100.535000
71.500000,N5,MM,100.59,38,buy,100.540000
72.000000,MM,N6,100.49,23,sell,100.540000
72.300000,N3,N0,100.47,24,sell,100.490000
72.900000,N0,MM,100.51,20,buy,100.490000
73.100000,N3,N2,100.47,41,sell,100.490000
73.100000,N7,N2,100.47,6,sell,100.490000
73.300000,N7,CA,100.47,25,sell,100.490000
73.300000,N11,CA,100.47,43,sell,100.490000
73.400000,N0,N4,100.45,20,sell,100.460000
73.400000,N1,N4,100.44,16,sell,100.455000
73.400000,N0,N4,100.42,11,sell,100.445000
73.600000,N0,N4,100.42,34,sell,100.445000
73.900000,N0,N14,100.42,3,sell,100.430000
73.900000,N7,N14,100.42,8,sell,100.430000
74.100000,N4,CB,100.44,53,buy,100.430000
74.100000,N4,CA,100.47,10,buy,100.445000
74.200000,N7,N4,100.42,18,sell,100.445000
74.500000,N7,N13,100.42,9,sell,100.445000
74.500000,MM,N13,100.41,65,sell,100.440000
74.600000,MM,N1,100.41,15,sell,100.440000
74.600000,N12,N1,100.41,23,sell,100.440000
74.600000,N12,N9,100.41,39,sell,100.440000
74.600000,N8,N9,100.40,29,sell,100.435000
74.700000,N8,N10,100.40,47,sell,100.435000
74.700000,N0,N10,100.38,23,sell,100.425000
74.900000,N10,N14,100.40,10,buy,100.390000
74.900000,N0,N14,100.38,7,sell,100.390000
74.900000,N0,N14,100.38,7,sell,100.390000
75.000000,N0,N6,100.38,55,sell,100.390000
75.000000,N2,N6,100.35,22,sell,100.375000
75.000000,N2,N7,100.35,10,sell,100.375000
75.500000,N2,N7,100.35,18,sell,100.355000
75.600000,N2,N6,100.35,47,sell,100.355000
75.600000,N0,N6,100.35,32,sell,100.355000
75.600000,N6,N6,100.35,4,sell,100.355000
75.600000,N6,CB,100.35,66,sell,100.355000
75.900000,N0,N14,100.29,40,sell,100.310000
76.600000,N9,N9,100.29,41,sell,100.310000
76.700000,N9,N9,100.29,41,sell,100.310000
77.100000,N9,N6,100.29,9,sell,100.310000
77.100000,N0,N6,100.28,17,sell,100.305000
77.100000,N0,N6,100.26,46,sell,100.295000
77.600000,MM,N4,100.26,22,sell,100.295000
77.600000,MM,N6,100.26,57,sell,100.295000
77.600000,MM,N8,100.26,1,sell,100.295000
77.600000,N8,N8,100.25,61,sell,100.290000
77.700000,N8,CB,100.33,5,buy,100.290000
77.700000,N8,MM,100.36,54,buy,100.305000
77.700000,N8,N10,100.25,22,sell,100.305000
77.700000,N1,N10,100.24,18,sell,100.300000
77.700000,N2,N10,100.22,14,sell,100.290000
78.000000,N2,N5,100.22,78,sell,100.290000
78.000000,N2,N5,100.21,20,sell,100.285000
78.000000,MM,N5,100.36,40,buy,100.285000
78.000000,MM,CA,100.37,40,buy,100.290000
78.200000,CA,CA,100.37,20,buy,100.290000
78.200000,CA,N14,100.40,3,buy,100.305000
78.300000,N2,N11,100.21,56,sell,100.305000
78.300000,N13,N11,100.19,11,sell,100.295000
78.400000,N4,N14,100.40,82,buy,100.295000
78.500000,N13,N4,100.19,41,sell,100.295000
78.900000,N2,N14,100.40,3,buy,100.295000
78.900000,N2,N7,100.42,63,buy,100.305000
79.100000,N8,N7,100.42,31,buy,100.305000
79.100000,N8,N10,100.43,1,buy,100.310000
79.300000,N13,N10,100.19,43,sell,100.310000
79.300000,N13,N10,100.16,33,sell,100.295000
79.400000,N2,N10,100.43,25,buy,100.295000
79.400000,N2,N5,100.44,13,buy,100.300000
79.400000,N2,N7,100.44,24,buy,100.300000
79.500000,N11,N7,100.44,22,buy,100.300000
79.500000,N12,N7,100.44,19,buy,100.300000
79.500000,N14,N7,100.44,29,buy,100.300000
79.500000,N14,N13,100.45,4,buy,100.305000
79.700000,N6,N13,100.45,44,buy,100.305000
79.700000,N6,CA,100.48,27,buy,100.320000
79.800000,N6,CA,100.48,69,buy,100.320000
79.800000,N6,N14,100.48,22,buy,100.320000
79.800000,N6,N10,100.49,8,buy,100.325000
80.000000,N0,N10,100.49,18,buy,100.325000
80.100000,N1,N10,100.49,46,buy,100.325000
80.100000,N13,MM,100.50,44,buy,100.495000
80.300000,N1,N5,100.49,22,sell,100.495000
80.400000,N13,MM,100.50,36,buy,100.495000
80.400000,N13,N10,100.53,23,buy,100.510000
80.500000,N4,N10,100.53,7,buy,100.510000
80.500000,N4,CA,100.54,56,buy,100.515000
80.500000,CB,CA,100.54,36,buy,100.515000
80.500000,CB,N13,100.54,17,buy,100.515000
80.500000,CB,N14,100.55,8,buy,100.520000
80.700000,N2,N14,100.55,23,buy,100.520000
80.700000,N2,N13,100.55,44,buy,100.520000
80.700000,N2,N0,100.56,7,buy,100.525000
80.800000,N6,N0,100.56,51,buy,100.525000
80.800000,N6,N13,100.57,15,buy,100.530000
80.800000,N10,N13,100.57,36,buy,100.530000
80.800000,N10,N5,100.64,20,buy,100.565000
81.000000,N0,N5,100.64,49,buy,100.635000
81.000000,N0,CA,100.65,10,buy,100.640000
81.000000,N0,N5,100.66,33,buy,100.645000
81.000000,MM,N5,100.66,57,buy,100.645000
81.100000,N2,N9,100.69,31,buy,100.675000
81.100000,N2,N3,100.72,22,buy,100.690000
81.400000,N12,N3,100.72,19,buy,100.715000
81.700000,N5,N3,100.72,14,buy,100.715000
82.100000,N14,N3,100.72,30,buy,100.715000
82.200000,N8,N14,100.71,38,sell,100.715000
82.200000,N9,N14,100.71,10,sell,100.715000
82.500000,N1,N3,100.72,3,buy,100.715000
82.600000,N13,N8,100.75,13,buy,100.735000
82.600000,N13,N7,100.76,15,buy,100.740000
82.600000,N13,MM,100.76,31,buy,100.740000
83.000000,N6,MM,100.76,23,buy,100.740000
83.300000,N1,N9,100.72,8,sell,100.740000
84.000000,N9,MM,100.71,69,sell,100.715000
84.000000,CA,MM,100.71,11,sell,100.715000
84.200000,CA,N1,100.71,25,sell,100.715000
84.200000,N6,N1,100.70,48,sell,100.710000
84.300000,N6,N6,100.70,34,sell,100.710000
84.300000,N6,N9,100.70,2,sell,100.710000
84.300000,N8,N9,100.69,26,sell,100.705000
84.900000,N8,N11,100.69,47,sell,100.705000
84.900000,N2,N11,100.68,8,sell,100.700000
85.400000,N2,N1,100.68,76,sell,100.700000
85.400000,N5,N1,100.66,18,sell,100.690000
85.700000,N5,N3,100.66,16,sell,100.690000
85.700000,N5,N9,100.66,16,sell,100.690000
85.700000,N7,N9,100.63,29,sell,100.675000
86.100000,N7,N8,100.63,70,sell,100.675000
86.100000,N1,N8,100.62,13,sell,100.670000
86.100000,N13,N8,100.61,3,sell,100.665000
86.200000,N13,N10,100.61,52,sell,100.615000
86.200000,N13,N12,100.61,16,sell,100.615000
86.300000,N13,CA,100.61,2,sell,100.615000
86.300000,N13,CA,100.61,79,sell,100.615000
86.600000,N0,N9,100.62,70,buy,100.615000
86.600000,N13,N10,100.61,2,sell,100.615000
86.600000,CB,N10,100.60,19,sell,100.610000
86.600000,MM,N10,100.58,37,sell,100.600000
87.000000,MM,N8,100.58,17,sell,100.600000
87.000000,N2,MM,100.57,34,sell,100.595000
87.300000,N11,N5,100.54,24,sell,100.545000
87.300000,N4,N5,100.53,2,sell,100.540000
87.900000,N1,MM,100.55,46,buy,100.540000
87.900000,N1,N9,100.62,15,buy,100.575000
87.900000,N1,N0,100.63,32,buy,100.580000
87.900000,N1,N9,100.72,5,buy,100.625000
88.200000,N7,N2,100.54,36,sell,100.630000
88.200000,N4,N2,100.53,28,sell,100.625000
88.400000,N4,N1,100.58,56,buy,100.555000
88.400000,N9,N1,100.58,17,buy,100.555000
88.500000,N4,N8,100.53,9,sell,100.555000
88.500000,N3,N8,100.51,30,sell,100.545000
88.500000,N4,N8,100.50,35,sell,100.540000
88.700000,N5,N1,100.58,11,buy,100.540000
88.700000,N5,N13,100.59,7,buy,100.545000
88.700000,N4,N7,100.50,34,sell,100.545000
88.700000,MM,N7,100.45,18,sell,100.520000
88.900000,MM,CB,100.45,62,sell,100.520000
88.900000,N6,CB,100.31,15,sell,100.450000
89.100000,N5,N14,100.41,35,sell,100.485000
89.800000,N14,N3,100.51,38,sell,100.535000
89.800000,N8,N3,100.46,23,sell,100.510000
90.100000,MM,N8,100.49,50,sell,100.525000
90.100000,CB,N2,100.56,18,buy,100.525000
90.100000,CB,N4,100.56,51,buy,100.525000
90.100000,CB,N13,100.59,1,buy,100.540000
90.400000,N3,N13,100.59,35,buy,100.540000
90.400000,N3,MM,100.59,21,buy,100.540000
90.400000,N12,MM,100.59,51,buy,100.540000
90.600000,N7,MM,100.59,8,buy,100.585000
90.600000,N7,N7,100.60,4,buy,100.590000
91.100000,N6,N7,100.60,23,buy,100.590000
91.200000,N5,N7,100.60,10,buy,100.590000
91.200000,N5,N8,100.60,76,buy,100.590000
91.200000,N5,N12,100.61,9,buy,100.595000
91.800000,N14,N5,100.69,20,sell,100.705000
91.800000,N1,N5,100.58,36,sell,100.650000
92.400000,N12,N9,100.72,48,buy,100.685000
92.400000,N12,N7,100.77,16,buy,100.710000
92.900000,N11,CB,100.76,34,buy,100.705000
93.100000,N10,MM,100.69,80,buy,100.670000
93.100000,N10,CB,100.76,9,buy,100.705000
93.200000,N0,CB,100.76,42,buy,100.705000
93.200000,N0,N7,100.77,23,buy,100.710000
93.200000,N0,N12,100.78,21,buy,100.715000
93.800000,N11,N5,100.65,24,sell,100.715000
94.000000,N11,N1,100.65,26,sell,100.715000
94.000000,N13,N1,100.62,57,sell,100.700000
94.000000,N5,N1,100.60,8,sell,100.690000
94.300000,N5,N7,100.65,55,buy,100.625000
94.300000,N5,N12,100.78,24,buy,100.690000
94.300000,N5,N12,100.60,44,sell,100.690000
94.400000,N5,N4,100.60,6,sell,100.620000
94.400000,N13,N4,100.60,5,sell,100.620000
94.900000,N13,N13,100.60,24,sell,100.620000
94.900000,MM,N13,100.59,50,sell,100.615000
95.000000,MM,N0,100.59,30,sell,100.615000
95.000000,CA,N0,100.59,14,sell,100.615000
95.100000,N1,N14,100.64,68,buy,100.625000
95.100000,N1,N12,100.78,10,buy,100.695000
95.100000,N12,N12,100.78,33,buy,100.695000
95.100000,N12,N14,100.80,19,buy,100.705000
95.400000,N2,N14,100.74,18,buy,100.675000
95.400000,N2,N14,100.80,66,buy,100.705000
95.400000,N2,N9,100.81,13,buy,100.710000
95.500000,N5,N9,100.81,50,buy,100.730000
95.800000,N6,N9,100.81,17,buy,100.730000
95.800000,N12,N9,100.81,6,buy,100.730000
95.800000,N12,N11,101.03,35,buy,100.840000
96.100000,N5,MM,100.71,67,buy,100.695000
96.800000,N0,N0,100.68,66,sell,100.695000
96.900000,N0,N9,100.68,22,sell,100.685000
97.100000,N0,N6,100.65,47,sell,100.655000
97.200000,N0,N8,100.65,32,sell,100.655000
97.900000,N4,N9,100.66,17,buy,100.655000
97.900000,N0,N14,100.65,9,sell,100.655000
97.900000,N4,N14,100.61,48,sell,100.635000
97.900000,MM,N14,100.61,17,sell,100.635000
98.100000,N4,N9,100.66,26,buy,100.650000
98.300000,N9,N13,100.69,34,buy,100.650000
98.300000,N9,N2,100.70,22,buy,100.655000
98.300000,N9,MM,100.71,13,buy,100.660000
98.300000,N9,N6,100.75,20,buy,100.680000
99.500000,N6,N3,100.67,15,sell,100.700000
99.700000,N6,N9,100.67,46,sell,100.700000
100.100000,N6,N2,100.67,13,sell,100.680000
100.100000,N0,N2,100.66,16,sell,100.675000
100.400000,N0,N5,100.66,21,sell,100.675000
100.400000,MM,N5,100.65,50,sell,100.670000
100.400000,MM,CB,100.65,30,sell,100.670000
100.400000,N11,CB,100.65,32,sell,100.670000
100.500000,N11,N6,100.65,48,sell,100.670000
100.500000,CB,N6,100.61,38,sell,100.650000
100.700000,CB,N3,100.61,23,sell,100.650000
100.800000,CB,N8,100.61,13,sell,100.645000
100.800000,CA,N8,100.59,7,sell,100.635000
100.800000,N1,N8,100.56,21,sell,100.620000
101.500000,N1,N8,100.56,32,sell,100.575000
101.500000,N0,N8,100.49,10,sell,100.540000
101.600000,N14,CA,100.59,11,buy,100.550000
101.600000,N14,N10,100.63,25,buy,100.570000
101.600000,N14,N4,100.68,60,buy,100.595000
101.700000,N5,N10,100.51,27,sell,100.595000
101.700000,N0,N10,100.49,15,sell,100.585000
102.600000,N0,N10,100.49,40,sell,100.515000
102.600000,N7,N10,100.49,4,sell,100.515000
102.700000,N11,N14,100.54,48,buy,100.515000
102.700000,N11,N5,100.54,10,buy,100.515000
102.700000,N11,N12,100.56,40,buy,100.525000
102.800000,N11,N12,100.56,28,buy,100.525000
102.800000,N11,MM,100.57,7,buy,100.530000
102.900000,N7,N14,100.49,12,sell,100.530000
103.100000,N7,N5,100.49,37,sell,100.530000
103.400000,N1,MM,100.57,12,buy,100.530000
103.700000,N7,N14,100.49,27,sell,100.530000
103.700000,MM,N14,100.47,21,sell,100.520000
103.900000,MM,N6,100.47,59,sell,100.520000
103.900000,N4,N6,100.45,31,sell,100.510000
104.100000,N4,N9,100.45,29,sell,100.510000
104.500000,N1,MM,100.57,61,buy,100.500000
104.500000,N1,N13,100.58,31,buy,100.505000
104.500000,N11,N13,100.58,6,buy,100.505000
104.500000,N11,N7,100.62,15,buy,100.525000
104.600000,N8,N4,100.43,20,sell,100.525000
105.000000,N4,N7,100.62,14,buy,100.525000
105.000000,N4,CB,100.62,28,buy,100.525000
105.000000,N4,N0,100.62,8,buy,100.525000
105.100000,N3,N0,100.62,31,buy,100.615000
105.100000,N3,N7,100.71,27,buy,100.660000
105.200000,MM,N2,100.61,58,sell,100.660000
105.500000,N8,MM,100.71,70,buy,100.660000
106.200000,N7,MM,100.71,10,buy,100.660000
106.200000,N7,N0,100.72,51,buy,100.665000
106.600000,N10,N2,100.69,34,buy,100.650000
106.600000,N10,N0,100.71,43,buy,100.660000
106.600000,N12,N0,100.71,12,buy,100.660000
106.600000,N12,N0,100.72,1,buy,100.665000
106.600000,N12,N13,100.76,17,buy,100.685000
106.700000,MM,N5,100.61,20,sell,100.685000
106.900000,N6,N8,100.63,52,sell,100.695000
107.400000,N11,N9,100.73,17,buy,100.680000
107.500000,N13,N5,100.68,56,sell,100.705000
107.600000,N13,N2,100.68,18,sell,100.705000
107.600000,N6,N2,100.63,11,sell,100.680000
107.600000,N10,N2,100.63,52,sell,100.680000
107.800000,N10,N4,100.63,47,sell,100.680000
107.800000,MM,N4,100.61,2,sell,100.670000
108.000000,N9,N9,100.73,46,buy,100.655000
108.000000,N9,N0,100.75,9,buy,100.665000
108.500000,N13,MM,100.72,32,buy,100.710000
108.900000,N0,CA,100.70,23,sell,100.705000
109.000000,N7,N9,100.71,16,buy,100.705000
109.000000,N7,MM,100.72,42,buy,100.710000
109.000000,N0,N8,100.70,4,sell,100.710000
109.000000,N0,N8,100.68,70,sell,100.700000
109.000000,MM,N10,100.62,66,sell,100.630000
109.500000,N8,MM,100.72,6,buy,100.670000
109.500000,N8,N13,100.76,23,buy,100.690000
109.500000,N8,CB,100.79,18,buy,100.705000
109.500000,N8,N11,100.79,27,buy,100.705000
110.300000,N6,N7,100.64,30,buy,100.630000
110.300000,N6,CA,100.66,26,buy,100.640000
110.300000,N6,N11,100.68,9,buy,100.650000
110.500000,N12,N0,100.65,47,buy,100.635000
110.800000,N3,N0,100.65,5,buy,100.635000
110.800000,N3,N7,100.67,74,buy,100.645000
110.800000,MM,CA,100.62,14,sell,100.645000
110.800000,N6,CA,100.61,43,sell,100.640000
110.800000,CB,CA,100.58,33,sell,100.625000
111.000000,CB,N2,100.58,18,sell,100.625000
111.000000,N14,N2,100.58,81,sell,100.625000
111.100000,N14,N2,100.58,12,sell,100.625000
111.100000,MM,N2,100.58,60,sell,100.625000
111.300000,MM,N3,100.58,11,sell,100.625000
111.600000,MM,N11,100.58,9,sell,100.600000
111.600000,N7,N11,100.56,28,sell,100.590000
111.700000,N5,N7,100.56,15,sell,100.590000
111.700000,N10,N7,100.55,64,sell,100.585000
111.700000,N5,N7,100.55,1,sell,100.585000
111.700000,N5,N12,100.55,32,sell,100.585000
111.700000,N6,N12,100.53,53,sell,100.575000
111.800000,CA,N7,100.62,23,buy,100.575000
112.600000,N6,N0,100.56,48,sell,100.580000
113.200000,N9,CA,100.57,92,sell,100.585000
113.200000,N6,CA,100.56,1,sell,100.580000
113.300000,N0,N3,100.60,65,buy,100.580000
113.300000,N0,N7,100.62,13,buy,100.590000
113.300000,N11,N7,100.62,9,buy,100.590000
113.500000,N11,N6,100.64,38,sell,100.645000
113.700000,N6,N8,100.56,4,sell,100.590000
113.700000,N6,N8,100.53,27,sell,100.575000
113.700000,CB,N8,100.42,27,sell,100.520000
113.700000,N7,N8,100.22,31,sell,100.420000
115.300000,N0,N9,100.55,23,sell,100.555000
115.300000,MM,N9,100.50,21,sell,100.530000
115.600000,MM,N3,100.50,59,sell,100.530000
115.600000,N0,N3,100.49,12,sell,100.525000
115.700000,N0,N10,100.49,44,sell,100.525000
115.800000,N2,N13,100.55,33,sell,100.555000
115.800000,N0,N13,100.49,16,sell,100.525000
115.900000,N5,N2,100.56,74,buy,
115.900000,CB,N12,100.58,62,buy,100.570000
115.900000,CB,MM,100.60,2,buy,100.580000
116.100000,N1,MM,100.60,78,buy,100.580000
116.100000,N1,N14,100.60,4,buy,100.580000
116.200000,N10,N0,100.58,29,sell,100.590000
116.200000,N5,N0,100.56,1,sell,100.580000
116.600000,N3,N14,100.60,50,buy,100.580000
116.600000,N3,N6,100.62,7,buy,100.590000
116.600000,N3,CB,100.62,16,buy,100.590000
116.800000,N8,CB,100.62,67,buy,100.590000
116.900000,N7,CB,100.62,7,buy,100.610000
116.900000,N7,CA,100.64,36,buy,100.620000
116.900000,N7,N10,100.68,34,buy,100.640000
117.600000,N9,N5,100.65,24,sell,100.660000
117.600000,N11,N6,100.67,32,buy,100.660000
117.900000,N9,N1,100.65,4,sell,100.660000
117.900000,MM,N1,100.58,12,sell,100.625000
118.000000,MM,N1,100.58,33,sell,100.625000
118.100000,N12,N6,100.67,67,buy,100.650000
118.100000,N12,N10,100.68,2,buy,100.655000
118.800000,N11,N0,100.67,26,sell,100.675000
118.900000,N4,N0,100.67,29,buy,100.660000
119.100000,N5,N0,100.67,32,buy,100.660000
119.100000,N5,N10,100.68,2,buy,100.665000
119.100000,N5,N8,100.68,20,buy,100.665000
120.600000,N1,N8,100.68,38,buy,100.665000
120.800000,N5,N8,100.68,21,buy,100.665000
120.800000,N5,N4,100.69,57,buy,100.670000
121.300000,N1,N4,100.65,24,sell,100.655000
121.300000,N1,N10,100.65,11,sell,100.655000
122.000000,N5,N10,100.65,23,buy,100.645000
122.000000,N5,N8,100.66,16,buy,100.650000
122.100000,N6,N13,100.64,29,sell,100.650000
122.500000,N1,N8,100.66,10,buy,100.650000
122.500000,CA,N8,100.66,27,buy,100.650000
122.500000,CA,N13,100.67,27,buy,100.655000
122.600000,N11,N13,100.67,11,buy,100.655000
122.600000,N11,N9,100.69,40,buy,100.665000
122.600000,N12,N9,100.69,16,buy,100.665000
122.700000,N4,N9,100.69,24,buy,100.665000
122.700000,N6,N9,100.69,3,buy,100.665000
122.700000,N6,MM,100.70,32,buy,100.670000
122.800000,N6,MM,100.70,48,buy,100.665000
122.800000,N6,N14,100.71,32,buy,100.670000
122.800000,N6,N14,100.72,12,buy,100.675000
122.800000,N14,N14,100.72,10,buy,100.675000
122.900000,N14,N14,100.72,13,buy,100.675000
122.900000,N14,N8,100.75,69,buy,100.690000
123.000000,N2,N8,100.75,11,buy,100.690000
123.000000,N2,N2,100.78,51,buy,100.705000
123.000000,N2,N11,100.79,21,buy,100.710000
123.200000,N14,N11,100.79,15,buy,100.765000
123.200000,N14,N8,100.79,22,buy,100.765000
123.200000,N14,N7,100.80,42,buy,100.770000
123.300000,N7,N6,100.74,71,sell,100.770000
123.600000,N7,N1,100.74,14,sell,100.770000
123.600000,MM,N1,100.73,75,sell,100.765000
124.300000,N12,N7,100.80,25,buy,100.765000
124.300000,N12,MM,100.83,73,buy,100.780000
124.400000,N7,MM,100.83,7,buy,100.780000
124.400000,N7,CA,100.83,47,buy,100.780000
124.900000,MM,N6,100.73,5,sell,100.780000
124.900000,N4,N6,100.73,33,sell,100.780000
124.900000,N4,N12,100.73,48,sell,100.780000
124.900000,N10,N12,100.70,30,sell,100.765000
125.100000,N10,N6,100.70,36,sell,100.765000
125.100000,N7,N6,100.67,37,sell,100.750000
125.200000,N7,N11,100.67,22,sell,100.750000
125.200000,N2,N11,100.66,13,sell,100.745000
125.200000,N9,N11,100.65,17,sell,100.740000
125.200000,N6,N11,100.63,44,sell,100.730000
125.300000,N6,N6,100.63,3,sell,100.730000
125.800000,N10,N6,100.63,37,buy,100.625000
125.800000,N10,CA,100.83,20,buy,100.725000
125.800000,N10,N6,100.91,6,buy,100.765000
126.800000,N4,N13,100.62,53,sell,100.650000
126.800000,N4,N14,100.62,6,sell,100.650000
126.800000,N5,N14,100.61,26,sell,100.645000
126.800000,N2,N14,100.61,50,sell,100.645000
127.100000,N2,N9,100.61,1,sell,100.620000
127.100000,N4,N9,100.59,19,sell,100.610000
127.100000,N7,N9,100.58,56,sell,100.605000
127.100000,N0,N9,100.58,5,sell,100.605000
127.300000,N0,N7,100.58,11,sell,100.605000
127.300000,MM,N7,100.58,23,sell,100.605000
127.400000,MM,N4,100.58,39,sell,100.605000
127.600000,MM,N13,100.58,14,sell,100.605000
127.700000,MM,N9,100.58,4,sell,100.605000
127.700000,N8,N9,100.57,6,sell,100.600000
127.700000,N8,N14,100.57,10,sell,100.600000
127.900000,N5,N3,100.53,18,sell,100.535000
127.900000,N5,N12,100.53,21,sell,100.535000
128.100000,N8,N11,100.52,30,sell,100.530000
128.100000,N8,CB,100.52,12,sell,100.530000
128.200000,N8,N11,100.52,12,sell,100.530000
128.200000,N3,N11,100.49,46,sell,100.515000
128.200000,N3,N12,100.49,3,sell,100.515000
128.400000,N6,N12,100.49,41,buy,100.445000
128.400000,N6,N14,100.54,21,buy,100.470000
128.500000,N12,N14,100.63,11,buy,100.515000
128.900000,N2,N3,100.40,60,sell,100.515000
129.300000,N5,N2,100.51,34,sell,100.535000
129.300000,N5,N14,100.51,13,sell,100.535000
129.300000,N14,N14,100.47,5,sell,100.515000
129.400000,N14,N8,100.47,35,sell,100.515000
129.400000,MM,N8,100.46,22,sell,100.510000
130.100000,N14,MM,100.56,18,buy,100.510000
130.200000,MM,N4,100.46,57,sell,100.510000
130.200000,MM,N11,100.46,1,sell,100.510000
130.200000,N2,N11,100.43,38,sell,100.495000
130.200000,N7,N11,100.36,15,sell,100.460000
130.800000,N13,MM,100.56,62,buy,100.550000
130.800000,N13,CB,100.58,17,buy,100.560000
131.200000,N3,N10,100.54,29,sell,100.560000
131.300000,N3,N0,100.54,10,sell,100.560000
131.300000,N7,N0,100.36,27,sell,100.470000
131.400000,N10,CB,100.58,14,buy,100.470000
131.700000,N9,CB,100.56,50,sell,100.570000
131.700000,N6,CB,100.52,37,sell,100.550000
131.800000,N6,N0,100.52,26,sell,100.550000
131.800000,N0,N0,100.49,26,sell,100.535000
131.800000,N7,N0,100.36,16,sell,100.470000
131.800000,N12,N0,100.28,29,sell,100.430000
131.800000,N5,CB,100.58,40,buy,100.430000
131.800000,N5,CB,100.64,32,buy,100.460000
131.900000,N10,CB,100.64,52,buy,100.460000
132.000000,N12,N0,100.28,52,sell,100.460000
132.100000,MM,N6,100.49,80,sell,100.540000
132.100000,N10,N6,100.38,19,sell,100.485000
133.300000,N0,N1,100.54,21,buy,100.525000
133.300000,N11,MM,100.59,80,buy,100.550000
133.300000,N11,N6,100.63,13,buy,100.570000
133.500000,N8,N4,100.56,10,buy,100.535000
133.800000,N3,N8,100.51,40,sell,100.535000
133.800000,N3,N11,100.51,10,sell,100.535000
134.000000,N14,N13,100.45,55,sell,100.465000
134.100000,N6,N11,100.48,11,buy,100.465000
134.100000,N6,CA,100.53,35,buy,100.490000
134.100000,N6,N0,100.54,1,buy,100.495000
134.300000,N1,N0,100.54,46,buy,100.495000
134.300000,N1,N4,100.59,27,buy,100.520000
134.700000,N14,N10,100.45,18,sell,100.490000
134.700000,N12,N10,100.28,8,sell,100.405000
135.600000,MM,N10,100.35,80,sell,100.400000
135.800000,CB,CA,100.45,24,buy,
135.800000,CB,MM,100.45,4,buy,
136.500000,N11,N7,100.34,39,sell,100.365000
137.100000,N9,N2,100.39,45,buy,100.365000
137.100000,N9,N13,100.43,13,buy,100.385000
137.100000,N9,N2,100.43,29,buy,100.385000
138.200000,N11,N9,100.36,24,sell,100.370000
138.200000,N2,N9,100.33,2,sell,100.355000
138.200000,N2,N10,100.33,63,sell,100.355000
138.200000,MM,N10,100.33,9,sell,100.355000
138.400000,MM,N9,100.33,21,sell,100.355000
138.400000,N10,N2,100.38,25,buy,100.355000
138.900000,N11,N2,100.38,20,buy,100.355000
138.900000,N11,N8,100.40,62,buy,100.365000
139.400000,N0,N8,100.40,9,buy,100.365000
139.400000,N0,N1,100.41,58,buy,100.370000
139.400000,N0,N2,100.43,24,buy,100.380000
139.700000,N8,N14,100.42,46,sell,100.425000
140.200000,N12,N2,100.43,27,buy,100.425000
140.200000,N12,MM,100.43,8,buy,100.425000
140.200000,CA,MM,100.43,72,buy,100.425000
140.200000,CA,N0,100.43,18,buy,100.425000
140.400000,N7,N0,100.43,34,buy,100.425000
140.400000,N7,N13,100.43,2,buy,100.425000
140.400000,N8,N13,100.43,60,buy,100.410000
140.500000,N10,N13,100.43,3,buy,100.410000
140.500000,N10,N14,100.44,14,buy,100.415000
140.500000,N10,N4,100.46,60,buy,100.425000
140.600000,N5,N4,100.46,31,buy,100.430000
140.600000,N11,N2,100.48,40,buy,100.470000
140.700000,N5,N1,100.46,53,sell,100.470000
140.700000,N14,N1,100.40,46,sell,100.440000
140.700000,N4,N2,100.48,28,buy,100.440000
141.000000,N8,N2,100.48,5,buy,100.465000
141.000000,N8,N3,100.48,5,buy,100.465000
141.300000,MM,N4,100.47,71,sell,100.475000
141.700000,N8,N3,100.48,30,buy,100.475000
141.900000,CB,N3,100.48,19,buy,100.475000
142.100000,N7,N3,100.48,1,buy,100.475000
142.100000,N7,N2,100.49,24,buy,100.480000
142.100000,CA,N2,100.49,10,buy,100.480000
142.100000,CA,N9,100.51,30,buy,100.490000
142.200000,N3,N9,100.51,49,buy,100.490000
142.200000,N3,CA,100.52,22,sell,100.545000
142.900000,N13,MM,100.57,59,buy,100.545000
143.700000,N10,N2,100.54,25,sell,100.555000
143.700000,N7,N2,100.54,4,sell,100.555000
145.500000,N2,CB,100.56,69,buy,100.555000
145.700000,N4,CB,100.56,11,buy,100.555000
145.700000,N4,N14,100.57,48,buy,100.560000
146.300000,N2,N14,100.57,31,buy,100.560000
146.300000,N2,MM,100.57,8,buy,100.560000
146.300000,N12,N14,100.55,17,sell,100.560000
146.300000,N7,N14,100.54,54,sell,100.555000
146.300000,N14,N14,100.54,18,sell,100.555000
146.400000,N3,MM,100.57,32,buy,100.555000
146.700000,N5,N6,100.55,23,buy,100.545000
146.700000,N5,MM,100.57,35,buy,100.555000
147.000000,N11,MM,100.57,5,buy,100.555000
147.000000,N11,N13,100.57,75,buy,100.555000
147.000000,N14,N13,100.54,10,sell,100.555000
147.000000,N1,N13,100.53,16,sell,100.550000
147.000000,N14,N13,100.51,6,sell,100.540000
147.600000,N2,N14,100.53,43,buy,100.520000
147.600000,N2,N13,100.57,17,buy,100.540000
147.600000,N2,N0,100.58,3,buy,100.545000
148.200000,MM,N6,100.51,80,sell,100.545000
148.200000,N11,N0,100.58,12,buy,100.535000
148.200000,N11,N10,100.59,16,buy,100.540000
148.200000,N11,N10,100.60,56,buy,100.545000
148.500000,CA,N2,100.49,45,sell,100.495000
148.500000,N7,N2,100.41,11,sell,100.455000
148.700000,N7,N14,100.41,59,sell,100.455000
148.700000,N13,N14,100.41,2,sell,100.455000
148.900000,N4,N12,100.50,12,buy,100.455000
149.000000,N13,CA,100.41,81,sell,100.455000
149.500000,N13,N12,100.41,4,sell,100.455000
149.500000,N14,N12,100.40,26,sell,100.450000
149.500000,N4,N12,100.39,51,sell,100.445000
149.500000,N8,N12,100.38,15,sell,100.440000
149.900000,N3,CB,100.50,33,buy,100.440000
150.200000,N14,N2,100.49,65,sell,100.495000
150.200000,N14,N5,100.49,14,sell,100.495000
150.200000,MM,N5,100.49,15,sell,100.495000
151.200000,MM,N13,100.49,65,sell,100.495000
151.200000,N7,N13,100.47,2,sell,100.485000
151.300000,N7,N4,100.47,74,sell,100.485000
151.300000,N6,N4,100.46,10,sell,100.480000
151.300000,N6,N5,100.46,61,sell,100.480000
151.500000,N1,CB,100.50,58,buy,100.480000
151.500000,N1,N8,100.51,38,buy,100.485000
151.700000,N6,N3,100.46,7,sell,100.485000
151.700000,N2,N3,100.41,52,sell,100.460000
151.900000,N2,N7,100.41,10,sell,100.460000
151.900000,N8,N7,100.38,55,sell,100.445000
152.200000,N5,N8,100.51,46,buy,100.475000
152.800000,N8,N8,100.51,1,buy,100.505000
152.800000,N8,N9,100.52,18,buy,100.510000
152.800000,N8,N12,100.52,60,buy,100.510000
152.800000,N10,N12,100.52,35,buy,100.510000
152.800000,N10,CB,100.54,5,buy,100.520000
152.900000,N9,CB,100.54,42,buy,100.520000
153.000000,MM,CB,100.54,8,buy,100.520000
153.000000,MM,N2,100.54,72,buy,100.520000
153.100000,N0,N2,100.54,9,buy,100.520000
153.100000,N0,N1,100.56,11,buy,100.530000
153.300000,N13,N1,100.56,25,buy,100.530000
153.300000,N13,N1,100.57,41,buy,100.535000
153.900000,N11,N1,100.57,37,buy,100.565000
153.900000,N11,N8,100.60,11,buy,100.580000
154.000000,N8,N8,100.60,7,buy,100.580000
154.000000,N8,CB,100.61,35,buy,100.585000
154.000000,CA,CB,100.61,10,buy,100.585000
154.000000,CA,N6,100.63,10,buy,100.595000
154.000000,CA,N0,100.63,36,buy,100.595000
154.500000,N10,N0,100.63,14,buy,100.595000
154.600000,N13,N0,100.63,2,buy,100.595000
154.600000,N13,N6,100.63,40,buy,100.595000
154.600000,N13,CB,100.64,2,buy,100.600000
154.600000,N13,CB,100.64,51,buy,100.600000
154.800000,N3,N5,100.56,49,sell,100.600000
154.900000,N5,CB,100.64,25,buy,100.600000
154.900000,N5,N10,100.65,22,buy,100.605000
155.200000,N6,N5,100.57,26,sell,100.610000
155.300000,N11,N10,100.65,9,buy,100.615000
155.300000,N11,N4,100.65,40,buy,100.615000
155.400000,N9,N0,100.66,42,buy,100.655000
155.400000,N9,N6,100.66,23,buy,100.655000
156.000000,N11,MM,100.65,32,sell,100.655000
156.100000,N7,N13,100.58,52,sell,100.605000
156.100000,N6,N13,100.57,34,sell,100.600000
156.400000,N6,CA,100.57,7,sell,100.600000
156.400000,N3,CA,100.56,14,sell,100.595000
156.400000,N7,CA,100.55,31,sell,100.590000
156.600000,N9,MM,100.63,46,buy,100.590000
156.800000,N7,N14,100.55,9,sell,100.555000
156.800000,N6,N14,100.55,26,sell,100.555000
157.000000,N6,N8,100.55,19,sell,100.555000
157.100000,N6,N9,100.55,45,sell,100.555000
157.100000,N0,N9,100.55,20,sell,100.555000
157.100000,MM,N9,100.53,23,sell,100.545000
157.400000,MM,N8,100.53,57,sell,100.545000
157.400000,N4,N8,100.53,37,sell,100.545000
158.200000,N2,N6,100.52,54,sell,100.540000
158.200000,N8,N6,100.50,4,sell,100.530000
158.300000,N8,N3,100.56,52,buy,100.530000
158.400000,N8,N11,100.50,52,sell,100.530000
158.500000,N8,N9,100.50,22,sell,100.530000
158.600000,N0,N8,100.40,70,sell,100.420000
158.800000,N0,N2,100.40,22,sell,100.420000
158.800000,N6,N2,100.39,64,sell,100.415000
159.000000,N6,N1,100.39,33,sell,100.415000
159.400000,N6,N0,100.39,1,sell,100.400000
159.400000,N7,N0,100.38,59,sell,100.395000
159.400000,CB,N0,100.36,23,sell,100.385000
159.500000,N7,MM,100.41,80,buy,100.385000
159.500000,N7,N9,100.44,9,buy,100.400000
159.500000,N7,N8,100.47,2,buy,100.415000
159.800000,N0,N0,100.36,69,sell,100.415000
159.800000,MM,N0,100.31,9,sell,100.390000
160.300000,MM,N12,100.31,38,sell,100.375000
160.600000,N0,N9,100.33,39,sell,100.385000
160.600000,MM,N9,100.31,7,sell,100.375000
160.800000,MM,N14,100.31,26,sell,100.330000
160.800000,N1,N14,100.29,63,sell,100.320000
160.900000,N1,N4,100.35,22,buy,100.320000
160.900000,N1,N9,100.29,34,sell,100.320000
161.100000,N1,N9,100.29,59,buy,100.275000
161.100000,N1,N4,100.35,17,buy,100.305000
161.500000,N5,CA,100.31,16,buy,100.285000
161.500000,N13,CA,100.31,16,buy,100.285000
161.500000,N13,N4,100.35,14,buy,100.305000
161.500000,N13,N5,100.38,24,buy,100.320000
161.500000,N13,N11,100.40,14,buy,100.330000
161.900000,N5,N11,100.40,37,buy,100.330000
162.400000,MM,N5,100.28,36,sell,100.325000
162.600000,N1,N10,100.29,30,sell,100.330000
162.600000,MM,N10,100.28,36,sell,100.325000
162.900000,MM,N1,100.28,8,sell,100.325000
162.900000,CB,N1,100.26,13,sell,100.315000
163.000000,CA,N0,100.37,36,buy,100.315000
163.000000,CA,MM,100.38,37,buy,100.320000
163.500000,CB,N1,100.26,34,sell,100.320000
164.000000,N3,MM,100.38,21,buy,100.330000
164.100000,N6,MM,100.38,22,buy,100.330000
164.100000,N6,N13,100.39,50,buy,100.335000
165.500000,N8,N13,100.39,49,buy,100.380000
165.500000,N8,N6,100.40,34,buy,100.385000
165.900000,N5,N0,100.37,36,sell,100.385000
165.900000,N1,N6,100.40,25,buy,100.385000
165.900000,N1,N11,100.44,17,buy,100.405000
165.900000,N1,N7,100.44,12,buy,100.405000
165.900000,N1,CB,100.44,9,buy,100.405000
166.000000,N5,CA,100.37,34,sell,100.405000
166.000000,MM,CA,100.35,18,sell,100.395000
166.300000,N10,N13,100.40,48,buy,100.375000
166.300000,N10,CB,100.44,39,buy,100.395000
166.300000,N14,CB,100.44,38,buy,100.395000
166.300000,N14,MM,100.45,36,buy,100.400000
167.200000,N5,N3,100.37,14,sell,100.410000
167.500000,N14,MM,100.45,44,buy,100.410000
167.500000,N14,N3,100.46,28,buy,100.415000
167.500000,N14,N8,100.47,9,buy,100.420000
167.500000,N14,N12,100.78,11,buy,100.575000
167.600000,N10,N14,100.37,40,sell,100.575000
168.000000,N10,CA,100.37,27,sell,100.385000
168.000000,N12,CA,100.34,50,sell,100.370000
168.100000,N12,N1,100.34,5,sell,100.370000
168.100000,N7,N1,100.33,30,sell,100.365000
168.100000,MM,N1,100.30,45,sell,100.350000
168.700000,N8,N14,100.32,50,buy,100.310000
169.200000,N8,N2,100.33,6,sell,100.365000
169.200000,MM,N2,100.30,25,sell,100.350000
169.400000,MM,N3,100.30,10,sell,100.350000
169.400000,N9,N6,100.28,16,sell,100.340000
169.500000,N9,N5,100.28,47,sell,100.340000
169.500000,N10,N5,100.26,42,sell,100.330000
170.100000,N10,N3,100.26,25,sell,100.280000
170.100000,N8,N3,100.26,27,sell,100.280000
170.100000,N8,N14,100.26,45,sell,100.280000
170.100000,N3,N14,100.25,28,sell,100.275000
170.300000,N3,N9,100.25,1,sell,100.255000
170.300000,N4,N9,100.25,18,sell,100.255000
170.300000,N9,N9,100.23,14,sell,100.245000
170.400000,N9,N5,100.23,1,sell,100.245000
170.400000,N0,N5,100.06,80,sell,100.160000
170.700000,N10,N13,100.26,29,buy,
170.700000,N10,N4,100.30,2,buy,
171.000000,N3,N11,100.27,27,buy,
171.100000,MM,N0,100.21,63,sell,100.240000
171.200000,MM,N4,100.21,17,sell,100.240000
171.400000,N6,N11,100.27,67,buy,
171.600000,N6,N6,100.27,1,sell,100.275000
172.400000,N13,N12,100.28,21,buy,
172.400000,N13,N4,100.30,5,buy,
173.000000,N0,N5,100.20,40,sell,100.210000
173.400000,N0,CA,100.20,29,sell,100.210000
173.600000,N9,N11,100.22,44,buy,
174.300000,N4,N11,100.20,51,sell,100.210000
174.300000,MM,N11,100.12,16,sell,100.170000
174.400000,N11,N12,100.16,32,sell,100.190000
174.700000,N6,N7,100.20,92,sell,100.210000
174.700000,N11,N7,100.16,2,sell,100.190000
175.600000,N11,N5,100.16,37,sell,100.190000
175.800000,N11,N12,100.16,2,sell,100.190000
175.800000,MM,N12,100.12,20,sell,100.170000
175.900000,MM,N14,100.12,44,sell,100.170000
175.900000,N4,N14,100.10,53,sell,100.160000
176.400000,N4,N10,100.10,12,sell,100.160000
176.400000,N10,N10,100.09,62,sell,100.155000
176.400000,N4,N10,100.04,10,sell,100.130000
176.400000,N12,N10,100.04,7,sell,100.130000
177.000000,N11,N12,100.12,44,buy,100.080000
177.000000,N11,N11,100.22,24,buy,100.130000
177.000000,N11,N9,100.22,23,buy,100.130000
177.100000,N12,N0,100.04,13,sell,100.090000
177.400000,N12,CA,100.04,60,sell,100.090000
177.400000,MM,CA,100.04,7,sell,100.090000
177.800000,N14,MM,100.14,27,buy,100.090000
178.200000,MM,N1,100.04,50,sell,100.090000
178.500000,MM,N14,100.04,23,sell,100.090000
178.800000,N11,N5,99.99,39,sell,100.010000
178.800000,CA,N14,100.03,2,buy,100.010000
178.800000,CA,MM,100.14,20,buy,100.065000
178.900000,N11,N1,99.99,55,sell,100.065000
178.900000,N5,N1,99.96,4,sell,100.050000
180.000000,N5,N14,99.96,11,sell,100.030000
180.000000,N4,N14,99.96,80,sell,100.030000
180.100000,MM,N14,99.95,80,sell,100.000000
180.100000,N0,N14,99.63,11,sell,99.840000
180.600000,CA,N5,99.96,42,sell,100.005000
180.700000,CA,N9,99.96,30,sell,99.975000
181.000000,CA,N3,99.96,4,sell,99.975000
181.000000,N0,N3,99.94,83,sell,99.965000
181.200000,N0,N7,99.94,11,sell,99.965000
181.700000,N5,N11,99.85,39,sell,99.875000
181.700000,N1,N11,99.81,19,sell,99.855000
182.500000,N2,N12,99.92,27,buy,99.910000
183.200000,N9,N12,99.92,8,buy,99.910000
183.200000,N9,MM,99.97,64,buy,99.935000
183.400000,N11,N9,99.90,28,sell,99.935000
183.600000,N11,N3,99.90,43,sell,99.935000
183.600000,MM,N3,99.87,32,sell,99.920000
183.700000,N10,MM,99.97,16,buy,99.920000
183.700000,N10,N8,99.99,11,buy,99.930000
183.700000,N10,N8,100.02,44,buy,99.945000
184.000000,MM,N0,99.87,39,sell,99.945000
184.200000,N14,N4,99.98,44,buy,99.930000
184.200000,N14,N8,100.02,14,buy,99.950000
184.200000,N14,N2,100.03,21,buy,99.955000
184.300000,N13,N5,99.88,25,sell,99.955000
184.300000,MM,N5,99.87,9,sell,99.950000
184.300000,N2,N5,99.85,5,sell,99.940000
184.800000,N2,N3,99.85,11,sell,99.915000
185.400000,CA,N13,99.93,23,sell,99.955000
185.400000,N2,N13,99.85,3,sell,99.915000
185.700000,CB,N9,99.98,68,buy,99.935000
185.700000,CB,N0,99.98,11,buy,99.935000
185.800000,CA,N3,99.89,30,sell,99.935000
186.000000,MM,N0,99.98,80,buy,99.935000
186.100000,N7,N0,99.98,6,buy,99.935000
186.100000,N7,N10,100.01,6,buy,99.950000
186.400000,N7,N10,100.01,66,buy,99.950000
186.500000,N3,N10,100.01,22,buy,99.950000
186.500000,N3,N2,100.03,17,buy,99.960000
186.500000,N3,N14,100.04,25,buy,99.965000
186.500000,N3,N14,100.06,14,buy,99.975000
187.000000,N6,N14,100.06,9,buy,99.975000
187.000000,N6,MM,100.11,11,buy,100.000000
187.000000,CA,N12,99.89,11,sell,100.000000
187.000000,N2,N12,99.85,4,sell,99.980000
188.000000,N11,MM,100.11,64,buy,100.105000
188.000000,CB,MM,100.11,5,buy,100.105000
188.000000,CB,N13,100.11,13,buy,100.105000
188.400000,N10,N13,100.11,58,buy,100.105000
188.400000,N10,N3,100.16,9,buy,100.130000
188.500000,N13,N8,100.10,40,sell,100.130000
188.500000,N1,N8,99.91,53,sell,100.035000
188.500000,N13,N3,100.16,26,buy,100.035000
188.900000,N14,N3,100.16,38,buy,100.035000
189.000000,N6,N3,100.16,23,buy,100.035000
189.000000,N6,N4,100.16,15,buy,100.035000
189.000000,N6,N5,100.17,21,buy,100.040000
189.100000,MM,N5,100.13,31,sell,100.150000
189.800000,N6,N5,100.17,68,buy,100.155000
189.800000,N6,N9,100.19,18,buy,100.165000
190.000000,N5,N3,100.14,55,sell,100.165000
190.300000,N12,N3,100.14,40,buy,100.135000
190.300000,N12,N9,100.19,6,buy,100.160000
190.400000,MM,N0,100.13,49,sell,100.160000
190.400000,N14,N0,100.12,10,sell,100.155000
190.400000,N12,N0,100.03,20,sell,100.110000
190.400000,N9,N9,100.19,24,buy,100.110000
190.800000,N12,N5,99.98,30,sell,100.070000
190.800000,CB,N5,99.97,60,sell,100.065000
190.900000,N5,N8,100.16,65,buy,100.065000
191.300000,N3,N8,100.16,27,buy,100.115000
191.300000,N3,N9,100.19,24,buy,100.130000
191.300000,N3,N11,100.21,44,buy,100.140000
191.700000,N7,N5,100.17,67,sell,100.190000
191.800000,N7,N2,100.17,8,sell,100.190000
191.800000,N13,N2,100.15,60,sell,100.180000
191.800000,N3,N2,100.14,19,sell,100.175000
191.800000,N3,N6,100.14,34,sell,100.175000
191.800000,N9,N6,100.07,2,sell,100.140000
191.900000,N7,N11,100.11,16,sell,100.160000
191.900000,N4,N11,100.08,23,sell,100.145000
191.900000,N9,N11,100.07,27,sell,100.140000
192.100000,N1,N11,100.21,17,buy,100.165000
192.600000,N12,N9,100.15,20,buy,100.135000
192.800000,MM,N2,100.12,46,sell,100.135000
193.000000,CA,N9,100.15,33,buy,100.135000
193.400000,N13,N2,100.20,29,buy,100.180000
193.900000,CA,N5,100.16,26,sell,100.165000
194.100000,N9,N6,100.13,14,sell,100.135000
194.100000,N9,N6,100.13,19,sell,100.135000
194.200000,N5,N5,100.14,13,buy,100.135000
194.200000,N5,N11,100.16,3,buy,100.145000
194.800000,N6,N1,100.15,45,buy,100.145000
194.800000,N6,N11,100.16,15,buy,100.150000
194.800000,N6,N3,100.16,30,buy,100.150000
194.900000,N3,N3,100.16,42,buy,100.150000
194.900000,N3,N0,100.17,20,buy,100.155000
195.100000,N12,N0,100.17,4,buy,100.155000
195.100000,N12,N4,100.18,40,buy,100.160000
195.100000,N12,N2,100.20,48,buy,100.170000
196.200000,N2,N8,100.17,17,buy,100.155000
196.500000,N10,N8,100.17,19,buy,100.155000
196.900000,N5,N12,100.14,33,sell,100.155000
196.900000,N9,N12,100.13,52,sell,100.150000
197.000000,N3,N8,100.17,49,buy,100.150000
197.100000,N6,N8,100.17,1,buy,100.150000
197.100000,N6,N8,100.18,25,buy,100.155000
197.100000,N6,N10,100.19,33,buy,100.160000
197.400000,N5,N10,100.19,42,buy,100.155000
197.400000,N5,N2,100.20,4,buy,100.160000
197.400000,N5,N9,100.22,45,buy,100.170000
197.700000,N1,N9,100.22,27,buy,100.170000
197.700000,N1,N10,100.22,13,buy,100.170000
197.700000,N1,MM,100.22,10,buy,100.170000
197.700000,MM,CA,100.12,80,sell,100.170000
197.700000,N6,CA,100.12,13,sell,100.170000
198.000000,N12,MM,100.22,48,buy,100.190000
198.400000,CA,N12,100.26,31,buy,100.235000
198.400000,CA,N4,100.26,56,buy,100.235000
198.700000,MM,N0,100.21,80,sell,100.235000
198.700000,N10,N0,100.16,8,sell,100.210000
198.700000,CA,N4,100.26,28,buy,100.210000
200.000000,N12,MM,100.31,55,buy,100.305000
200.300000,CA,N1,100.30,13,sell,100.305000
200.400000,N8,MM,100.31,25,buy,100.305000
200.400000,N8,N3,100.31,64,buy,100.305000
201.000000,CA,MM,100.30,9,sell,100.305000
201.800000,N5,N14,100.25,19,sell,100.275000
201.800000,N13,N14,100.25,43,sell,100.275000
201.900000,N13,N0,100.25,25,sell,100.275000
201.900000,N6,MM,100.30,14,buy,100.275000
202.400000,N13,N6,100.25,3,sell,100.275000
202.400000,N2,N6,100.24,43,sell,100.270000
202.400000,CA,N6,100.24,32,sell,100.270000
202.400000,N11,N6,100.23,19,sell,100.265000
202.700000,N11,N6,100.23,14,sell,100.265000
202.700000,N10,N6,100.23,8,sell,100.265000
202.700000,N12,MM,100.30,57,buy,100.265000
202.700000,N12,N3,100.31,20,buy,100.270000
202.700000,N12,N14,100.31,4,buy,100.270000
202.800000,N10,N1,100.23,22,sell,100.270000
202.800000,N9,N14,100.31,66,buy,100.270000
202.900000,N10,N0,100.23,11,sell,100.270000
202.900000,N8,N0,100.23,6,sell,100.270000
203.900000,N12,N8,100.27,14,buy,100.265000
203.900000,N12,N14,100.31,18,buy,100.285000
203.900000,N12,N10,100.31,38,buy,100.285000
204.200000,N3,N10,100.31,39,buy,100.285000
204.200000,N3,N1,100.32,4,buy,100.290000
204.300000,N3,N0,100.26,30,sell,100.290000
204.300000,N3,N9,100.26,21,sell,100.290000
204.400000,N2,N1,100.32,22,buy,100.290000
204.400000,N2,N0,100.33,44,buy,100.295000
204.400000,N4,MM,100.34,80,buy,100.335000
204.400000,N4,N1,100.38,17,buy,100.355000
204.400000,N13,N1,100.38,42,buy,100.355000
204.400000,N13,N4,100.38,10,buy,100.355000
204.400000,N13,N12,100.42,45,buy,100.375000
204.500000,N2,N14,100.33,20,sell,100.375000
204.500000,N3,N14,100.26,5,sell,100.340000
204.800000,N9,N12,100.42,17,buy,100.385000
204.800000,N9,N6,100.47,13,buy,100.410000
204.800000,N9,N9,100.49,22,buy,100.420000
204.800000,N9,N10,100.51,35,buy,100.430000
205.400000,N11,N10,100.51,47,buy,100.430000
205.800000,N11,N10,100.51,13,buy,100.460000
205.800000,N11,CB,100.68,11,buy,100.545000
205.900000,N2,CB,100.68,6,buy,100.545000
206.500000,N5,N10,100.55,15,buy,100.455000
207.000000,N2,MM,100.36,32,sell,100.365000
207.400000,N6,MM,100.36,41,buy,100.355000
207.900000,CB,MM,100.36,7,buy,100.355000
207.900000,CB,N12,100.36,21,buy,100.355000
208.100000,N8,N8,100.35,11,sell,100.355000
208.700000,N8,N0,100.35,64,sell,100.355000
208.700000,N8,N0,100.35,8,sell,100.355000
208.700000,N1,N12,100.36,67,buy,100.355000
208.800000,N8,N0,100.35,48,sell,100.355000
208.800000,N2,N0,100.33,38,sell,100.345000
208.900000,N2,N2,100.33,13,sell,100.345000
208.900000,N4,N2,100.32,24,sell,100.340000
209.400000,N1,N12,100.36,10,buy,100.340000
209.400000,N1,N3,100.37,33,buy,100.345000
210.000000,N4,N7,100.32,56,sell,100.325000
210.000000,N4,MM,100.32,10,sell,100.325000
210.100000,N13,MM,100.32,70,buy,100.295000
210.100000,N13,N5,100.33,28,buy,100.300000
210.200000,N1,N8,100.27,62,sell,100.300000
210.300000,N1,N7,100.27,18,sell,100.300000
210.400000,N1,N7,100.27,4,sell,100.300000
210.500000,N3,CA,100.26,3,sell,100.265000
210.500000,N1,CA,100.26,58,sell,100.265000
210.600000,N14,N7,100.27,6,buy,100.265000
210.600000,N14,N2,100.31,57,buy,100.285000
210.600000,N14,N5,100.33,16,buy,100.295000
210.800000,N1,N5,100.26,20,sell,100.295000
211.200000,N3,N0,100.23,42,sell,100.240000
211.200000,N0,N0,100.22,45,sell,100.235000
211.300000,N7,N5,100.25,32,buy,100.235000
211.300000,N7,N5,100.33,2,buy,100.275000
211.300000,N7,N0,100.34,8,buy,100.280000
211.300000,N13,N0,100.34,40,buy,100.280000
211.500000,N0,N6,100.22,15,sell,100.280000
212.200000,N0,N11,100.22,34,sell,100.235000
212.200000,MM,N11,100.22,28,sell,100.235000
212.200000,N13,N2,100.25,33,buy,100.235000
212.200000,N13,N10,100.29,2,buy,100.255000
212.300000,MM,N5,100.22,49,sell,100.255000
213.000000,N13,N4,100.27,27,buy,100.245000
213.000000,N13,N10,100.29,14,buy,100.255000
213.400000,N6,N7,100.20,50,sell,100.210000
213.400000,CB,N7,100.20,10,sell,100.210000
213.400000,CB,N10,100.20,59,sell,100.210000
213.400000,N1,N10,100.19,39,sell,100.205000
213.600000,N1,N4,100.19,55,sell,100.205000
213.600000,N9,N4,100.16,33,sell,100.190000
213.900000,N1,N5,100.22,40,buy,100.190000
213.900000,N10,N5,100.22,10,buy,100.190000
213.900000,N10,MM,100.25,59,buy,100.205000
214.300000,N6,MM,100.25,12,buy,100.205000
214.600000,N9,N2,100.16,31,sell,100.195000
214.700000,N9,N0,100.16,16,sell,100.195000
215.100000,N10,N4,100.23,12,buy,100.220000
215.100000,N10,N3,100.24,66,buy,100.225000
215.100000,N11,N3,100.24,2,buy,100.225000
215.100000,N11,MM,100.25,9,buy,100.230000
215.100000,N11,CA,100.25,56,buy,100.230000
215.100000,N11,N14,100.27,10,buy,100.240000
215.100000,N11,N9,100.28,14,buy,100.245000
215.100000,N11,N8,100.29,2,buy,100.250000
215.300000,N3,N8,100.29,11,buy,100.250000
216.100000,N0,N5,100.26,52,sell,100.275000
216.300000,N0,N11,100.26,11,sell,100.275000
216.700000,N0,N7,100.26,5,sell,100.275000
216.700000,N5,N7,100.23,78,sell,100.260000
217.100000,N5,N4,100.23,7,sell,100.260000
217.100000,N5,N4,100.21,3,sell,100.250000
217.100000,N5,N13,100.21,31,sell,100.220000
217.100000,MM,N13,100.21,3,sell,100.220000
217.300000,MM,N7,100.21,40,sell,100.220000
217.600000,N3,N8,100.23,31,buy,100.220000
217.600000,N3,N8,100.29,50,buy,100.250000
218.100000,N1,N8,100.29,31,buy,100.250000
218.100000,N1,N1,100.29,10,buy,100.250000
218.100000,N1,N0,100.30,49,buy,100.255000
218.100000,N1,N5,100.30,2,buy,100.255000
218.300000,MM,N9,100.21,31,sell,100.255000
219.200000,N10,N5,100.30,64,buy,100.280000
219.200000,N10,N14,100.30,15,buy,100.280000
219.300000,N13,N0,100.26,28,sell,100.280000
219.400000,N11,N0,100.24,24,buy,100.235000
219.500000,N11,N0,100.24,10,buy,100.235000
219.500000,N11,N14,100.29,22,buy,100.260000
219.500000,N11,N14,100.30,33,buy,100.265000
219.500000,N11,N4,100.30,19,buy,100.265000
219.500000,N11,N13,100.31,6,buy,100.270000
219.800000,N13,N9,100.23,47,sell,100.270000
220.200000,N13,N3,100.23,33,sell,100.250000
220.200000,N10,N3,100.22,25,sell,100.245000
220.500000,N0,N12,100.27,11,buy,100.265000
220.500000,N6,N12,100.27,49,buy,100.265000
220.500000,N6,N13,100.31,26,buy,100.285000
221.600000,N14,N13,100.31,52,buy,100.300000
222.300000,N10,N6,100.32,74,buy,100.315000
222.300000,CA,N6,100.32,19,buy,100.315000
222.300000,CA,N9,100.34,14,buy,100.325000
222.400000,N1,N2,100.35,25,buy,100.345000
222.400000,N1,MM,100.39,29,buy,100.365000
222.400000,N12,MM,100.39,51,buy,100.365000
222.400000,N12,N9,100.42,17,buy,100.380000
222.400000,N12,N4,100.43,18,buy,100.385000
222.400000,N12,N8,100.54,5,buy,100.440000
222.500000,CA,N3,100.34,10,sell,100.440000
222.500000,N13,N3,100.32,6,sell,100.430000
223.000000,N3,N1,100.39,79,buy,100.375000
223.000000,N5,N1,100.39,5,buy,100.375000
223.000000,N5,N8,100.54,31,buy,100.450000
223.000000,N5,N6,100.54,7,buy,100.450000
223.100000,N1,N6,100.54,17,buy,100.450000
223.200000,N14,N5,100.53,49,buy,100.445000
223.200000,N14,N6,100.54,2,buy,100.450000
223.700000,N0,N0,100.36,61,sell,100.405000
223.700000,CB,N0,100.36,6,sell,100.405000
223.700000,N1,N10,100.45,78,buy,100.405000
224.200000,N1,N10,100.45,10,buy,100.405000
224.500000,CB,N11,100.36,12,sell,100.405000
224.900000,CA,N11,100.43,24,buy,100.420000
226.600000,N4,N5,100.41,44,sell,100.420000
226.700000,N4,N12,100.41,38,sell,100.420000
226.700000,MM,N12,100.38,25,sell,100.405000
226.700000,MM,N14,100.38,10,sell,100.405000
226.800000,MM,CA,100.38,16,sell,100.405000
227.400000,MM,N2,100.38,29,sell,100.405000
227.400000,N4,N2,100.38,44,sell,100.405000
227.500000,N4,N12,100.38,19,sell,100.405000
227.600000,N4,N6,100.38,17,sell,100.405000
227.600000,CB,N6,100.36,5,sell,100.395000
227.600000,CB,N14,100.36,74,sell,100.395000
227.600000,N0,N14,100.35,6,sell,100.390000
227.800000,N0,N9,100.35,52,sell,100.390000
227.800000,N13,N9,100.32,12,sell,100.375000
227.800000,N7,N9,100.32,22,sell,100.375000
228.000000,N7,MM,100.32,67,sell,100.375000
228.000000,N0,MM,100.32,13,sell,100.375000
228.100000,N0,N6,100.32,21,sell,100.375000
228.600000,N0,N0,100.32,30,sell,100.375000
228.600000,N10,N0,100.31,48,sell,100.370000
228.700000,N0,N11,100.31,14,sell,100.370000
228.900000,N0,N13,100.31,6,sell,100.370000
228.900000,N10,N13,100.31,71,sell,100.370000
229.100000,N10,N11,100.31,6,sell,100.370000
229.100000,N3,N11,100.30,21,sell,100.365000
229.600000,N13,N1,100.27,43,sell,100.280000
229.600000,CB,N1,100.26,29,sell,100.275000
229.900000,CB,N10,100.26,9,sell,100.275000
229.900000,CA,N10,100.26,17,sell,100.275000
229.900000,N12,N11,100.29,37,buy,100.275000
231.100000,CA,N7,100.26,30,sell,100.270000
231.100000,N4,N7,100.26,56,sell,100.270000
231.100000,N11,N7,100.26,9,sell,100.270000
231.400000,N9,N5,100.28,11,buy,100.270000
231.400000,N9,N11,100.29,22,buy,100.275000
231.500000,N1,N11,100.29,6,buy,100.275000
231.800000,N12,N10,100.34,36,buy,100.330000
232.500000,N14,N10,100.34,11,buy,100.335000
232.500000,N14,MM,100.35,12,buy,100.340000
233.500000,N9,MM,100.35,56,buy,100.345000
233.800000,CA,MM,100.35,12,buy,100.345000
233.800000,CA,N2,100.36,51,buy,100.350000
233.800000,CA,N10,100.37,27,buy,100.355000
233.800000,CA,CA,100.38,8,buy,100.360000
234.300000,N4,CA,100.38,71,buy,100.370000
234.300000,N4,N1,100.39,21,buy,100.375000
235.200000,N14,N2,100.36,23,sell,100.375000
235.300000,N2,N1,100.39,56,buy,100.375000
235.500000,N7,N1,100.39,12,buy,100.375000
235.500000,N7,N6,100.42,36,buy,100.390000
235.500000,N7,N11,100.43,35,buy,100.395000
235.500000,N7,N13,100.44,11,buy,100.400000
235.700000,N10,N13,100.44,76,buy,100.400000
236.100000,N14,N4,100.36,19,sell,100.365000
236.400000,N14,N7,100.36,29,sell,100.365000
236.400000,MM,N7,100.35,44,sell,100.360000
236.500000,N7,N11,100.37,11,buy,100.360000
236.500000,N7,N13,100.44,4,buy,100.395000
236.500000,N7,MM,100.45,38,buy,100.400000
237.000000,MM,N1,100.35,36,sell,100.375000
237.500000,N12,N1,100.33,67,sell,100.340000
237.700000,N12,N7,100.33,28,sell,100.340000
237.700000,N1,N7,100.32,4,sell,100.335000
238.000000,N0,N1,100.35,8,buy,100.335000
238.000000,N0,N6,100.35,13,buy,100.335000
238.000000,N0,N4,100.35,39,buy,100.335000
238.000000,N0,MM,100.39,15,buy,100.355000
238.400000,N0,MM,100.39,65,buy,100.355000
238.400000,N0,N5,100.40,23,buy,100.360000
239.000000,N10,N5,100.37,28,buy,100.345000
239.000000,N13,N5,100.37,29,buy,100.345000
239.000000,CA,N5,100.40,13,buy,100.385000
239.300000,N4,N5,100.40,27,buy,100.385000
239.300000,N4,N3,100.44,56,buy,100.405000
239.300000,N11,N3,100.44,18,buy,100.405000
239.300000,N11,N7,100.45,21,buy,100.410000
239.900000,N10,N10,100.37,18,sell,100.410000
239.900000,N1,N10,100.32,69,sell,100.385000
239.900000,N3,N10,100.31,1,sell,100.380000
240.200000,N3,N14,100.31,47,sell,100.315000
240.200000,N9,N14,100.31,5,sell,100.315000
240.200000,CA,MM,100.32,80,buy,100.315000
240.200000,CA,N7,100.45,4,buy,100.380000
240.400000,N9,N14,100.31,12,sell,100.325000
240.700000,N9,N11,100.31,17,sell,100.325000
241.100000,N9,N5,100.31,25,sell,100.325000
241.100000,N9,N8,100.31,11,sell,100.325000
241.100000,N11,N8,100.30,63,sell,100.320000
241.200000,N11,N7,100.30,5,sell,100.320000
241.200000,N10,N7,100.29,13,sell,100.315000
242.400000,N10,N6,100.29,12,sell,100.300000
242.400000,N1,N6,100.29,18,sell,100.300000
242.500000,N3,N6,100.28,10,buy,100.275000
242.500000,N3,N7,100.31,26,buy,100.290000
242.800000,N8,N14,100.27,38,sell,100.280000
242.800000,N11,N14,100.26,4,sell,100.275000
242.900000,N11,N6,100.26,61,sell,100.275000
242.900000,N7,N6,100.26,21,sell,100.275000
242.900000,N7,N8,100.26,23,sell,100.275000
242.900000,N13,N8,100.24,22,sell,100.265000
242.900000,N3,N8,100.23,21,sell,100.260000
242.900000,N3,N13,100.23,21,sell,100.260000
243.800000,N3,CA,100.23,27,sell,100.235000
243.800000,N12,CA,100.23,34,sell,100.235000
243.800000,N11,CA,100.23,22,sell,100.235000
244.000000,N10,MM,100.24,80,buy,100.235000
244.000000,N10,CA,100.27,6,buy,100.250000
244.200000,N6,CA,100.27,48,buy,100.250000
244.200000,N6,N13,100.28,4,buy,100.255000
244.300000,N11,N6,100.23,18,sell,100.255000
244.300000,N4,N6,100.23,2,sell,100.255000
244.500000,N4,N14,100.23,24,sell,100.255000
245.100000,N0,N0,100.21,14,sell,100.215000
245.200000,N0,N12,100.21,57,sell,100.215000
245.200000,N12,N12,100.21,36,sell,100.215000
245.300000,N2,N14,100.22,57,buy,100.215000
245.300000,N2,N11,100.23,20,buy,100.220000
245.300000,N2,N13,100.28,13,buy,100.245000
245.900000,N0,N13,100.28,39,buy,100.260000
246.000000,N3,N6,100.28,51,buy,100.260000
246.000000,N3,CB,100.29,26,buy,100.265000
246.000000,N3,N3,100.29,9,buy,100.265000
246.200000,N5,N3,100.29,3,buy,100.265000
246.200000,N5,MM,100.29,80,buy,100.265000
246.200000,N5,N7,100.31,2,buy,100.275000
246.200000,N5,N0,100.33,5,buy,100.285000
246.400000,N10,CA,100.29,66,buy,100.265000
246.600000,N3,CA,100.29,3,buy,100.265000
246.600000,N6,N6,100.30,65,buy,100.295000
247.500000,N10,N6,100.30,24,buy,100.295000
247.500000,N10,N0,100.33,34,buy,100.310000
247.500000,CB,N0,100.33,16,buy,100.310000
247.500000,CB,N3,100.33,22,buy,100.310000
247.900000,N8,N3,100.33,41,buy,100.320000
247.900000,N8,N12,100.33,19,buy,100.320000
248.000000,N4,N12,100.33,36,buy,100.320000
248.100000,N12,N12,100.33,8,buy,100.320000
248.100000,N12,N1,100.34,25,buy,100.325000
248.300000,N5,N1,100.34,71,buy,100.325000
248.300000,N5,N10,100.36,7,buy,100.335000
248.700000,N3,N10,100.36,79,buy,100.345000
248.700000,N3,N9,100.37,3,buy,100.350000
248.800000,N7,N9,100.37,53,buy,100.350000
249.000000,MM,N9,100.37,28,buy,100.350000
249.000000,MM,N0,100.46,41,buy,100.395000
249.000000,MM,N0,100.46,11,buy,100.395000
249.100000,N12,N0,100.46,48,buy,100.395000
249.700000,CA,N0,100.46,10,buy,100.395000
249.700000,CA,N14,100.46,10,buy,100.395000
249.700000,CA,N4,100.46,65,buy,100.395000
249.700000,CA,N12,100.52,3,buy,100.425000
250.000000,N13,N12,100.47,23,sell,100.495000
250.000000,N9,N12,100.42,42,sell,100.470000
250.200000,N2,N12,100.52,7,buy,100.495000
250.200000,N2,N6,100.52,31,buy,100.495000
250.200000,N2,N3,100.55,60,buy,100.510000
250.400000,N2,N3,100.55,17,buy,100.530000
250.400000,N2,CB,100.57,17,buy,100.540000
251.000000,N5,CB,100.57,58,buy,100.540000
251.000000,N5,MM,100.62,41,buy,100.565000
251.200000,N1,N5,100.51,33,sell,100.565000
251.200000,N3,N5,100.51,33,sell,100.565000
251.400000,N3,N9,100.51,56,sell,100.565000
252.000000,N4,N9,100.51,1,buy,100.490000
252.000000,N4,N8,100.53,64,buy,100.500000
252.000000,N4,MM,100.62,12,buy,100.545000
252.300000,N5,MM,100.49,80,buy,100.480000
252.300000,N5,CA,100.63,7,buy,100.550000
252.300000,CA,CA,100.63,41,buy,100.550000
252.300000,CA,N3,100.82,13,buy,100.645000
252.400000,N4,N2,100.47,91,sell,100.645000
252.400000,N0,N2,100.47,7,sell,100.645000
252.400000,N0,N9,100.47,48,sell,100.645000
252.400000,N9,N9,100.42,2,sell,100.620000
252.400000,CB,N9,100.39,40,sell,100.605000
252.400000,MM,N9,100.39,5,sell,100.605000
252.700000,N12,N2,100.40,74,sell,100.610000
252.700000,MM,N2,100.39,15,sell,100.605000
252.800000,MM,N7,100.39,60,sell,100.605000
252.800000,N6,N7,100.33,11,sell,100.575000
253.300000,N4,N1,100.61,33,buy,100.525000
253.300000,N6,N1,100.61,10,buy,100.525000
253.300000,N6,CA,100.67,23,buy,100.555000
253.900000,N2,N10,100.47,57,sell,100.480000
253.900000,N4,N10,100.44,22,sell,100.465000
253.900000,N13,N1,100.49,20,buy,100.465000
254.100000,N4,N3,100.44,42,sell,100.465000
254.100000,N12,N3,100.42,56,sell,100.455000
254.300000,N12,N1,100.42,18,sell,100.480000
254.300000,N7,N1,100.41,3,sell,100.475000
254.400000,N7,N6,100.41,36,sell,100.475000
254.400000,N8,N9,100.54,13,buy,100.475000
254.400000,N8,N7,100.61,44,buy,100.510000
254.700000,N7,N0,100.41,50,sell,100.495000
254.700000,N6,N0,100.35,38,sell,100.465000
255.100000,CB,N9,100.43,19,sell,100.460000
255.100000,MM,N9,100.41,3,sell,100.450000
255.300000,MM,N2,100.41,51,sell,100.425000
255.900000,N8,CA,100.49,70,buy,100.450000
256.100000,N8,CA,100.49,12,buy,100.485000
256.100000,N8,MM,100.51,4,buy,100.495000
256.500000,N10,N10,100.48,24,sell,100.495000
256.600000,N9,MM,100.51,45,buy,100.495000
256.700000,N8,MM,100.51,31,buy,100.495000
256.700000,N8,N2,100.51,29,buy,100.495000
257.500000,N4,N2,100.51,17,buy,100.495000
257.600000,N10,N2,100.51,13,buy,100.495000
257.600000,N10,N7,100.52,33,buy,100.500000
257.800000,N6,N7,100.52,59,buy,100.500000
257.800000,N6,N6,100.52,15,buy,100.500000
258.800000,N10,N11,100.48,46,sell,100.500000
258.800000,N14,N11,100.48,39,sell,100.500000
259.700000,N14,N6,100.48,32,sell,100.485000
259.700000,MM,N6,100.48,67,sell,100.485000
259.800000,N0,N9,100.49,74,buy,100.485000
260.100000,MM,N10,100.48,13,sell,100.485000
260.100000,N5,N10,100.47,17,sell,100.480000
260.200000,N5,N12,100.47,13,sell,100.480000
260.200000,N12,N12,100.46,76,sell,100.475000
260.400000,N12,N6,100.46,18,sell,100.475000
260.400000,N3,N6,100.46,64,sell,100.475000
260.500000,N3,N8,100.46,20,sell,100.475000
260.500000,N0,N8,100.46,5,sell,100.475000
260.700000,N0,N1,100.46,27,sell,100.475000
260.700000,N4,N1,100.45,17,sell,100.470000
260.700000,N0,N13,100.44,26,sell,100.445000
260.800000,N0,N12,100.44,40,sell,100.445000
261.000000,N0,MM,100.44,33,sell,100.445000
261.200000,N11,N8,100.42,70,sell,100.430000
261.700000,N11,N8,100.42,21,sell,100.425000
261.700000,N0,N8,100.42,4,sell,100.425000
261.800000,N0,N1,100.42,6,sell,100.425000
261.800000,CA,N1,100.41,29,sell,100.420000
261.800000,CA,N7,100.41,58,sell,100.420000
262.000000,N13,CB,100.38,13,sell,100.395000
262.700000,N13,N6,100.38,1,sell,100.400000
262.700000,N7,N6,100.38,87,sell,100.400000
262.700000,N13,N6,100.37,4,sell,100.395000
262.800000,N13,N8,100.37,84,sell,100.395000
263.000000,N13,N5,100.37,6,sell,100.395000
263.000000,N6,N5,100.35,43,sell,100.385000
263.000000,N11,N5,100.34,12,sell,100.380000
263.000000,N2,N5,100.34,1,sell,100.380000
263.100000,N2,N4,100.34,62,sell,100.380000
263.100000,N9,N5,100.42,13,buy,100.380000
263.100000,N9,N7,100.42,49,buy,100.380000
263.100000,N9,N12,100.43,7,buy,100.385000
263.200000,N2,N8,100.34,20,sell,100.385000
263.200000,MM,N8,100.34,57,sell,100.385000
263.800000,MM,N7,100.34,23,sell,100.355000
263.800000,N6,N7,100.33,5,sell,100.350000
263.800000,N10,N7,100.32,51,sell,100.345000
264.100000,N12,MM,100.33,80,buy,100.325000
264.100000,N12,CA,100.37,3,buy,100.345000
264.400000,N10,N12,100.32,32,sell,100.345000
264.400000,N10,N12,100.31,53,sell,100.340000
264.800000,N13,N1,100.31,34,sell,100.340000
264.800000,N4,N1,100.30,12,sell,100.335000
264.800000,N4,N7,100.30,9,sell,100.335000
264.800000,N10,N7,100.30,20,sell,100.335000
264.800000,N7,N7,100.28,49,sell,100.325000
264.900000,N7,N6,100.28,49,sell,100.325000
265.000000,N4,N14,100.26,39,sell,100.265000
265.000000,N4,N14,100.26,51,sell,100.265000
265.300000,N7,N6,100.27,30,buy,100.265000
265.300000,N7,N1,100.32,11,buy,100.290000
265.300000,N4,N8,100.26,33,sell,100.290000
265.300000,CA,N8,100.26,32,sell,100.290000
265.300000,N5,N8,100.26,8,sell,100.290000
265.300000,N10,N1,100.32,10,buy,100.290000
265.300000,N10,N13,100.33,56,buy,100.295000
265.500000,N0,N13,100.33,3,buy,100.295000
265.500000,N0,N4,100.36,10,buy,100.310000
265.500000,N0,CA,100.37,6,buy,100.315000
265.500000,N5,N6,100.26,26,sell,100.315000
265.500000,N4,N6,100.24,45,sell,100.305000
265.500000,MM,N6,100.23,11,sell,100.300000
265.500000,MM,CA,100.23,38,sell,100.300000
265.800000,MM,N10,100.23,14,sell,100.260000
266.000000,MM,N0,100.23,17,sell,100.260000
266.000000,N6,N0,100.20,20,sell,100.245000
266.000000,N11,N0,100.19,38,sell,100.240000
266.600000,N11,N3,100.19,51,sell,100.240000
266.600000,N0,N3,100.17,41,sell,100.230000
266.700000,N3,N5,100.29,22,buy,100.230000
266.700000,N0,N11,100.17,17,sell,100.230000
267.000000,N5,N6,100.28,11,buy,100.235000
267.000000,N5,N10,100.29,82,buy,100.240000
267.700000,N7,N10,100.29,11,buy,100.280000
267.700000,N7,N12,100.30,61,buy,100.285000
267.800000,N11,N10,100.27,16,sell,100.285000
267.800000,N11,N13,100.27,82,sell,100.285000
267.800000,N7,N13,100.26,15,sell,100.280000
268.000000,CB,N12,100.30,6,buy,100.280000
268.000000,CB,N5,100.31,23,buy,100.285000
268.200000,N10,N5,100.31,62,buy,100.285000
268.200000,N10,MM,100.33,10,buy,100.295000
268.200000,N7,N14,100.26,20,sell,100.295000
268.300000,N7,N1,100.26,4,sell,100.295000
268.600000,MM,N9,100.23,25,sell,100.235000
268.700000,MM,N5,100.23,14,sell,100.235000
268.700000,N8,N1,100.24,47,buy,100.235000
268.900000,N6,N1,100.24,17,buy,100.235000
268.900000,N6,MM,100.33,1,buy,100.280000
269.100000,MM,N0,100.23,18,sell,100.280000
269.300000,CB,N14,100.27,20,buy,100.250000
269.400000,MM,N12,100.23,23,sell,100.250000
269.700000,N1,N12,100.21,62,buy,100.200000
270.000000,N13,N12,100.21,13,buy,100.200000
270.000000,N13,N14,100.27,37,buy,100.230000
270.400000,N3,N14,100.27,14,buy,100.250000
270.400000,CA,N14,100.27,19,buy,100.250000
270.500000,CA,N7,100.27,17,sell,100.300000
270.700000,N5,N7,100.27,25,buy,100.250000
271.000000,MM,N2,100.23,80,sell,100.250000
271.000000,N7,N2,100.19,1,sell,100.230000
271.500000,N2,N14,100.20,39,buy,100.195000
271.500000,CA,N14,100.20,37,buy,100.195000
271.700000,N7,N11,100.19,30,sell,100.230000
271.700000,N14,N11,100.19,51,sell,100.230000
272.500000,N0,N2,100.25,32,buy,100.235000
272.900000,N13,N6,100.22,24,sell,100.235000
273.300000,N3,N2,100.25,26,buy,100.235000
273.500000,N13,N2,100.25,5,buy,100.240000
273.500000,N13,N11,100.26,17,buy,100.245000
273.600000,N5,N11,100.26,45,buy,100.245000
273.700000,N2,N6,100.23,80,sell,100.245000
273.700000,N12,N11,100.26,21,buy,100.245000
273.700000,N12,N7,100.27,23,buy,100.250000
273.700000,N12,N10,100.27,25,buy,100.250000
273.700000,N12,MM,100.27,4,buy,100.250000
273.800000,N2,N5,100.23,2,sell,100.250000
274.100000,N13,N4,100.22,20,sell,100.225000
274.700000,N14,N7,100.19,26,sell,100.195000
274.700000,CA,N7,100.18,7,sell,100.190000
274.700000,CA,N11,100.18,17,sell,100.190000
275.100000,CA,N10,100.18,13,sell,100.190000
275.100000,N0,N10,100.17,16,sell,100.185000
275.100000,MM,N10,100.17,9,sell,100.185000
275.100000,MM,N14,100.17,45,sell,100.185000
275.500000,MM,N2,100.17,26,sell,100.185000
275.500000,N9,N2,100.16,31,sell,100.180000
275.500000,N2,N2,100.16,20,sell,100.180000
275.500000,N4,N2,100.16,17,sell,100.180000
275.500000,N4,N12,100.16,43,sell,100.180000
275.600000,N4,N11,100.16,9,sell,100.180000
275.600000,N13,N11,100.13,31,sell,100.165000
275.600000,N13,CB,100.13,10,sell,100.165000
275.600000,N4,CB,100.12,26,sell,100.160000
275.600000,N8,CB,100.09,30,sell,100.145000
275.700000,N8,N14,100.09,7,sell,100.145000
275.700000,N9,N14,100.06,47,sell,100.130000
276.000000,N9,N8,100.06,9,sell,100.070000
276.000000,N0,N8,100.04,27,sell,100.060000
276.100000,MM,N0,100.06,15,sell,100.070000
276.100000,N11,N3,100.08,40,buy,100.070000
276.100000,N11,N14,100.12,21,buy,100.090000
276.300000,MM,CA,100.06,20,sell,100.090000
276.700000,MM,N5,100.06,45,sell,100.090000
277.100000,N0,N9,100.04,4,sell,100.045000
277.100000,N4,N9,100.04,37,sell,100.045000
277.300000,N4,N0,100.04,45,sell,100.045000
277.400000,N4,N2,100.04,3,sell,100.045000
277.400000,N1,N2,99.99,32,sell,100.020000
277.400000,N4,N2,99.88,2,sell,99.965000
277.900000,N10,N9,100.02,19,sell,100.035000
277.900000,N10,N14,100.02,10,sell,100.035000
278.200000,N10,N5,100.02,34,sell,100.035000
278.200000,N4,N5,99.88,26,sell,99.965000
278.300000,N4,N1,99.88,40,sell,99.965000
278.800000,N14,N5,100.05,52,buy,100.040000
278.800000,N14,N7,100.07,39,buy,100.050000
279.200000,CA,N5,100.03,70,sell,100.035000
279.200000,MM,N5,99.97,15,sell,100.005000
279.400000,N14,N11,100.04,38,buy,100.005000
280.100000,MM,N10,99.97,13,sell,100.005000
280.500000,MM,N10,99.97,22,sell,100.005000
280.600000,MM,N5,99.97,30,sell,100.005000
280.600000,N4,N5,99.88,17,sell,99.960000
280.900000,N10,N8,99.96,72,sell,99.995000
281.100000,N9,N13,100.03,29,buy,99.995000
281.100000,N9,N11,100.04,19,buy,100.000000
281.300000,N11,N11,100.04,38,buy,100.000000
281.300000,N11,N8,100.04,24,buy,100.000000
281.300000,N11,N13,100.06,10,buy,100.010000
281.300000,N11,N7,100.07,18,buy,100.015000
282.000000,N4,N3,100.02,49,sell,100.045000
282.000000,N0,N3,99.98,47,sell,100.025000
282.000000,MM,N7,100.07,5,buy,100.025000
282.000000,MM,N4,100.07,28,buy,100.025000
282.100000,N0,N3,100.08,19,buy,100.075000
282.100000,N0,N1,100.09,26,buy,100.080000
282.100000,N0,CB,100.09,35,buy,100.080000
282.100000,N0,N0,100.11,12,buy,100.090000
283.000000,N4,N0,100.11,61,buy,100.095000
283.000000,N4,N2,100.12,4,buy,100.100000
283.300000,N14,N2,100.12,35,buy,100.100000
283.800000,N14,N8,100.13,33,sell,100.135000
283.800000,N12,N4,100.14,77,buy,100.135000
284.600000,N14,N14,100.13,17,sell,100.135000
284.600000,N4,N14,100.13,33,sell,100.135000
284.800000,N14,N5,100.14,31,buy,100.135000
284.800000,N14,N7,100.17,46,buy,100.150000
285.200000,N9,N7,100.17,37,buy,100.160000
285.600000,N0,N7,100.17,14,buy,100.160000
285.600000,N0,N2,100.18,26,buy,100.165000
285.600000,N0,N5,100.18,51,buy,100.165000
285.700000,N3,N5,100.18,47,buy,100.165000
285.800000,N10,MM,100.23,52,buy,100.205000
286.300000,N5,MM,100.23,28,buy,100.205000
286.300000,N5,N5,100.24,21,buy,100.210000
286.300000,N5,N6,100.26,9,buy,100.220000
286.700000,N14,N3,100.18,29,sell,100.220000
287.200000,N7,N10,100.19,38,buy,100.185000
287.300000,CA,N10,100.19,41,buy,100.185000
287.300000,CA,N6,100.26,42,buy,100.220000
287.500000,N9,N6,100.26,37,buy,100.220000
287.900000,N6,N6,100.26,10,buy,100.220000
287.900000,N6,CB,100.28,44,buy,100.230000
287.900000,N14,CB,100.28,21,buy,100.230000
288.300000,N0,MM,100.24,47,buy,100.210000
289.400000,N9,MM,100.24,33,buy,100.210000
289.500000,N0,CB,100.28,9,buy,100.265000
289.500000,N0,N10,100.28,15,buy,100.265000
289.600000,N2,N10,100.28,28,buy,100.270000
289.600000,N2,N12,100.30,9,buy,100.280000
289.900000,N11,N4,100.29,20,sell,100.295000
289.900000,N12,N4,100.29,41,sell,100.295000
289.900000,N12,N4,100.26,6,sell,100.280000
290.500000,N4,N12,100.30,48,buy,100.295000
290.500000,N4,N8,100.30,26,buy,100.295000
290.500000,N4,N0,100.30,3,buy,100.295000
290.500000,N9,N0,100.30,55,buy,100.295000
290.600000,N0,N0,100.30,29,buy,100.295000
290.600000,N0,N7,100.34,56,buy,100.315000
290.700000,N1,N7,100.34,1,buy,100.315000
290.900000,N2,N6,100.46,28,buy,100.405000
290.900000,N2,N8,100.47,4,buy,100.410000
291.100000,N1,CB,100.35,19,sell,100.365000
291.100000,N3,CB,100.34,48,sell,100.360000
291.400000,N13,N6,100.38,32,buy,100.360000
291.400000,N13,N9,100.40,10,buy,100.370000
291.400000,N13,MM,100.40,35,buy,100.370000
291.900000,N9,MM,100.40,45,buy,100.370000
291.900000,N9,N8,100.40,23,buy,100.370000
293.400000,CB,N8,100.40,32,buy,100.375000
293.700000,N3,N8,100.40,29,buy,100.375000
293.700000,N3,N1,100.43,35,buy,100.390000
293.700000,N10,N1,100.43,22,buy,100.390000
294.100000,N13,N1,100.43,18,buy,100.395000
294.100000,N13,MM,100.46,17,buy,100.410000
294.200000,N10,MM,100.46,63,buy,100.410000
294.200000,N10,N9,100.52,15,buy,100.440000
294.400000,MM,N11,100.36,33,sell,100.440000
294.400000,MM,N12,100.36,22,sell,100.440000
294.600000,MM,N6,100.36,25,sell,100.440000
294.600000,N13,N6,100.35,28,sell,100.435000
295.400000,N3,N13,100.44,22,sell,100.445000
295.400000,N0,N13,100.40,1,sell,100.425000
295.600000,N4,N3,100.41,17,buy,100.405000
295.600000,N4,N11,100.45,17,buy,100.425000
295.800000,N4,N11,100.45,12,buy,100.425000
295.800000,N4,N9,100.52,3,buy,100.460000
295.800000,N4,N5,100.56,19,buy,100.480000
295.800000,N4,CA,100.67,13,buy,100.535000
296.200000,N3,CA,100.67,13,buy,100.530000
296.400000,N10,N4,100.49,22,buy,100.425000
296.600000,N2,N9,100.36,28,sell,100.425000
296.600000,CB,N4,100.49,46,buy,100.425000
296.700000,N2,N5,100.36,21,sell,
297.700000,N8,MM,100.52,65,buy,100.495000
297.800000,N6,MM,100.52,15,buy,100.495000
297.800000,N6,N8,100.52,21,sell,
298.300000,N13,N0,100.60,42,buy,100.580000
298.400000,N1,N0,100.60,20,buy,100.580000
298.400000,N1,N9,100.68,67,buy,100.620000
298.600000,N9,N4,100.69,60,buy,100.640000
298.800000,N1,N4,100.69,4,buy,100.685000
299.300000,N14,N8,100.82,46,buy,100.795000
299.800000,N7,N8,100.82,3,buy,100.795000
300.000000,N13,N11,100.77,90,sell,
300.000000,N0,N11,100.68,5,sell,
300.100000,N4,MM,100.84,34,buy,100.790000
300.300000,N8,MM,100.84,30,buy,100.790000
300.600000,N10,MM,100.84,16,buy,100.790000
300.600000,N10,N14,100.84,65,buy,100.790000
300.700000,N8,N14,100.84,29,buy,100.790000
301.800000,MM,N5,100.74,80,sell,100.765000
301.800000,N4,N5,100.74,17,sell,100.765000
301.900000,N4,N12,100.74,31,sell,100.765000
302.400000,N0,N0,100.68,17,sell,100.700000
302.400000,N1,N0,100.67,26,sell,100.695000
302.400000,N1,N5,100.67,15,sell,100.695000
302.400000,N11,N5,100.67,68,sell,100.695000
302.400000,N6,N12,100.72,37,buy,100.695000
302.400000,N6,N7,100.78,54,buy,100.725000
302.500000,N14,N7,100.78,43,buy,100.725000
302.500000,N14,N11,100.79,51,buy,100.730000
302.500000,N11,CA,100.67,8,sell,100.730000
302.500000,N10,CA,100.66,62,sell,100.725000
302.550000,CB,N11,100.79,13,buy,100.725000
302.550000,CB,N3,100.79,37,buy,100.725000
302.550000,CB,N12,100.94,20,buy,100.800000
302.600000,N10,N4,100.66,22,sell,100.690000
302.600000,N9,N4,100.66,6,sell,100.690000
302.800000,N5,N1,100.72,43,buy,100.690000
303.000000,N9,MM,100.66,12,sell,100.690000
303.100000,N9,MM,100.66,68,buy,100.655000
303.100000,N9,N1,100.72,20,buy,100.685000
303.200000,N0,N8,100.65,21,sell,100.685000
303.200000,N11,N8,100.59,22,sell,100.655000
303.300000,N4,N3,100.62,71,buy,100.605000
303.300000,N4,N1,100.72,27,buy,100.655000
303.400000,N11,N13,100.59,61,sell,100.765000
303.600000,N11,N2,100.59,16,sell,100.765000
303.600000,N5,N2,100.58,17,sell,100.760000
303.600000,N11,N2,100.56,40,sell,100.750000
303.900000,N5,N0,100.71,30,buy,100.635000
304.100000,N11,N0,100.56,11,sell,100.635000
304.300000,N11,CB,100.70,59,buy,100.630000
304.500000,N11,N12,100.56,8,sell,100.635000
304.500000,MM,N12,100.56,55,sell,100.635000
304.900000,MM,N12,100.56,25,sell,100.605000
304.900000,N5,N12,100.51,28,sell,100.580000
305.500000,N4,N2,100.59,73,sell,100.620000
305.500000,N14,N2,100.57,20,sell,100.610000
306.000000,MM,CA,100.65,80,buy,100.610000
306.600000,N8,CA,100.65,3,buy,100.610000
306.600000,N8,N0,100.66,13,buy,100.615000
306.600000,N8,N2,100.67,24,buy,100.620000
307.000000,N5,N2,100.67,33,buy,100.650000
307.000000,N5,N0,100.71,13,buy,100.670000
307.100000,N0,N0,100.71,51,buy,100.670000
307.100000,N0,N5,100.73,9,buy,100.680000
307.700000,N9,N0,100.69,32,sell,100.710000
307.700000,N9,N1,100.69,35,sell,100.710000
307.700000,N14,N9,100.63,11,sell,100.635000
308.000000,N14,N3,100.57,20,sell,100.575000
308.000000,N1,N3,100.55,46,sell,100.565000
308.100000,N5,N6,100.58,17,buy,100.565000
308.600000,N10,N14,100.48,31,sell,100.530000
309.900000,CA,N9,100.56,12,sell,100.570000
309.900000,N14,N9,100.52,40,sell,100.550000
309.900000,N4,N9,100.50,3,sell,100.540000
310.100000,N4,N4,100.50,15,sell,100.540000
310.100000,MM,N4,100.50,47,sell,100.540000
310.200000,CA,N6,100.58,11,buy,100.540000
311.400000,N9,N0,100.55,22,sell,100.565000
311.400000,MM,N0,100.50,33,sell,100.540000
311.400000,N10,N0,100.48,2,sell,100.530000
312.000000,MM,N6,100.58,17,buy,100.565000
312.000000,MM,N2,100.59,26,buy,100.570000
312.000000,MM,N14,100.61,36,buy,100.580000
312.000000,MM,N1,100.61,1,buy,100.580000
312.400000,N2,N1,100.61,14,buy,100.580000
312.400000,N2,N1,100.64,23,buy,100.595000
312.400000,N6,N1,100.64,34,buy,100.595000
312.400000,N6,N6,100.64,21,buy,100.595000
312.400000,N8,N6,100.64,32,buy,100.595000
312.950000,CB,N6,100.64,30,buy,100.615000
312.950000,CB,CA,100.66,59,buy,100.625000
312.950000,CB,CA,100.66,55,buy,100.625000
313.600000,N10,N3,100.60,13,sell,100.630000
313.600000,N10,N7,100.60,4,sell,100.630000
313.600000,N8,N7,100.59,85,sell,100.625000
313.800000,N2,CA,100.66,29,buy,100.650000
313.800000,N2,N12,100.67,5,buy,100.655000
313.800000,N9,N12,100.67,24,buy,100.630000
313.800000,N9,N5,100.69,20,buy,100.640000
314.300000,N12,N5,100.69,6,buy,100.665000
314.300000,N12,CA,100.69,51,buy,100.665000
314.500000,N13,N9,100.64,65,sell,100.665000
314.800000,N2,CA,100.69,40,buy,100.675000
314.800000,N2,N1,100.70,24,buy,100.680000
314.800000,N2,CA,100.70,20,buy,100.680000
314.900000,N7,CA,100.70,14,buy,100.680000
315.000000,MM,CA,100.70,34,buy,100.680000
315.000000,MM,CA,100.72,46,buy,100.690000
315.100000,N0,CA,100.72,39,buy,100.690000
315.100000,N5,N4,100.66,51,sell,100.690000
315.100000,CA,CA,100.72,59,buy,100.690000
315.100000,CA,N14,100.74,5,buy,100.700000
315.300000,N0,N14,100.74,60,buy,100.700000
315.300000,N0,CB,100.75,16,buy,100.705000
315.400000,N10,CB,100.75,24,buy,100.705000
315.400000,N10,N1,100.77,26,buy,100.715000
315.600000,N13,N4,100.79,52,buy,100.785000
315.600000,N13,CA,100.79,18,sell,100.805000
315.600000,N10,CA,100.78,17,sell,100.800000
315.600000,N12,CA,100.78,12,sell,100.800000
315.600000,N5,CA,100.66,22,sell,100.740000
315.900000,N7,N7,100.82,66,buy,100.790000
316.800000,N13,N7,100.82,11,buy,100.785000
316.800000,N13,MM,100.82,74,buy,100.785000
316.900000,N7,MM,100.82,6,buy,100.785000
316.900000,N7,N11,100.84,25,buy,100.795000
317.000000,N12,N11,100.84,27,buy,100.795000
317.000000,N12,N7,100.87,61,buy,100.810000
317.100000,N1,N7,100.87,7,buy,100.810000
317.100000,N1,N11,100.87,58,buy,100.810000
317.100000,N1,N10,100.91,31,buy,100.830000
317.200000,N8,N10,100.91,31,buy,100.830000
317.200000,N8,N11,100.93,16,buy,100.840000
317.200000,N8,N12,100.94,7,buy,100.845000
318.300000,N6,N5,100.82,81,sell,100.835000
318.400000,N6,N9,100.82,4,sell,100.835000
318.400000,N9,N9,100.78,44,sell,100.815000
318.400000,MM,N9,100.75,33,sell,100.800000
319.000000,MM,N8,100.75,47,sell,100.800000
319.000000,N8,N8,100.74,11,sell,100.795000
319.400000,CA,N13,100.80,26,buy,100.770000
319.400000,CA,MM,100.85,68,buy,100.795000
319.600000,N9,N5,100.76,20,sell,100.805000
319.600000,N8,N5,100.74,34,sell,100.795000
319.600000,N7,N5,100.69,34,sell,100.770000
320.100000,N4,N5,100.74,91,buy,100.715000
320.100000,N4,N13,100.75,2,buy,100.720000
320.700000,N7,N5,100.69,14,sell,100.720000
320.700000,N2,N5,100.63,82,sell,100.690000
320.700000,N2,N14,100.63,9,sell,100.690000
320.700000,N13,N14,100.59,40,sell,100.670000
320.700000,N12,N14,100.58,36,sell,100.665000
321.200000,N6,N2,100.74,20,buy,100.710000
321.900000,N10,N7,100.69,75,sell,100.700000
321.900000,MM,N7,100.68,2,sell,100.695000
322.600000,N13,N2,100.74,31,buy,100.710000
322.600000,N13,N11,100.74,47,buy,100.710000
322.600000,N13,N9,100.75,16,buy,100.715000
322.800000,MM,N11,100.68,57,sell,100.705000
322.800000,MM,N14,100.68,21,sell,100.705000
322.800000,N1,N14,100.65,74,sell,100.690000
322.800000,N0,N14,100.64,1,sell,100.685000
323.500000,N0,N7,100.64,64,sell,100.660000
323.500000,N12,N7,100.58,17,sell,100.630000
323.500000,N2,N7,100.55,11,sell,100.615000
323.600000,N2,N1,100.55,72,sell,100.615000
324.400000,N12,N7,100.59,67,sell,100.605000
324.400000,N2,N7,100.55,2,sell,100.585000
324.700000,N12,MM,100.62,63,buy,100.585000
324.900000,N10,N6,100.59,47,buy,100.570000
324.900000,N10,MM,100.62,17,buy,100.585000
324.900000,N10,CB,100.66,12,buy,100.605000
325.000000,N6,CB,100.66,25,buy,100.605000
325.000000,N2,CB,100.55,4,sell,100.605000
325.000000,N10,CB,100.55,39,sell,100.605000
325.100000,N10,N4,100.55,20,sell,100.605000
325.100000,MM,N4,100.52,19,sell,100.590000
325.800000,N11,N8,100.60,37,buy,100.560000
325.800000,N11,N13,100.65,14,buy,100.585000
326.100000,MM,CB,100.52,52,sell,100.575000
326.500000,MM,N7,100.52,9,sell,100.550000
326.500000,N4,N7,100.39,45,sell,100.485000
326.700000,N2,N4,100.46,40,sell,100.520000
326.700000,N4,N4,100.39,27,sell,100.485000
326.700000,N9,N4,100.39,32,sell,100.485000
327.000000,N9,N3,100.50,12,buy,100.445000
327.000000,N9,CA,100.39,30,sell,100.430000
327.000000,MM,CA,100.37,32,sell,100.420000
327.100000,N10,MM,100.47,43,buy,100.420000
327.300000,MM,N10,100.37,48,sell,100.395000
327.300000,N5,N10,100.36,31,sell,100.390000
327.300000,N10,N10,100.33,11,sell,100.375000
327.700000,N10,N13,100.33,37,sell,100.375000
327.700000,N11,N13,100.26,30,sell,100.340000
327.800000,N11,N10,100.26,68,sell,100.340000
327.800000,N2,N10,100.12,5,sell,100.270000
328.000000,N5,CB,100.33,29,sell,100.375000
328.100000,N5,N9,100.33,36,sell,100.375000
328.100000,CA,N9,100.23,16,sell,100.325000
328.500000,N5,N13,100.42,29,buy,100.325000
329.000000,CA,N3,100.23,54,sell,100.325000
329.000000,N2,N3,100.12,28,sell,100.270000
329.200000,N2,N12,100.12,4,sell,100.270000
329.600000,N4,N13,100.42,3,buy,
329.600000,N4,CB,100.42,12,buy,
330.000000,MM,N12,100.44,17,buy,100.435000
330.200000,MM,N10,100.45,63,sell,100.455000
330.200000,N11,N10,100.44,12,sell,100.450000
330.200000,N4,N11,100.43,36,sell,100.445000
330.800000,N4,N4,100.43,1,sell,100.445000
330.800000,N7,N4,100.41,53,sell,100.435000
331.100000,CA,N2,100.46,16,buy,100.455000
331.100000,CA,N14,100.48,15,buy,100.465000
331.200000,N4,N14,100.48,37,buy,100.465000
331.200000,N8,N14,100.48,15,buy,100.465000
331.200000,N8,N3,100.50,27,buy,100.475000
331.200000,N11,N3,100.50,52,buy,100.475000
331.200000,N11,CB,100.50,6,buy,100.475000
331.250000,CB,CB,100.50,54,buy,100.475000
331.250000,CB,N5,100.52,19,buy,100.485000
331.250000,CB,N13,100.53,43,buy,100.490000
331.250000,CB,N3,100.53,13,buy,100.490000
331.250000,CB,N13,100.54,15,buy,100.495000
331.500000,N9,N13,100.54,13,buy,100.495000
331.700000,N9,N13,100.54,9,buy,100.495000
331.700000,N9,MM,100.55,2,buy,100.500000
332.200000,N4,MM,100.55,23,buy,100.545000
332.200000,N11,MM,100.55,43,buy,100.545000
332.500000,N0,MM,100.55,12,buy,100.545000
332.500000,N0,CA,100.56,74,buy,100.550000
332.800000,N11,N9,100.54,17,sell,100.550000
332.800000,N13,CA,100.56,40,buy,100.550000
332.900000,N6,CA,100.56,30,buy,100.550000
332.900000,N6,N7,100.58,16,buy,100.560000
333.000000,MM,N7,100.58,16,buy,100.560000
333.000000,MM,N0,100.59,64,buy,100.565000
333.100000,N12,N0,100.59,33,buy,100.565000
333.100000,N12,N10,100.59,18,buy,100.565000
333.200000,N4,N10,100.59,79,buy,100.565000
333.200000,N4,N11,100.61,7,buy,100.575000
333.300000,N2,N11,100.61,34,buy,100.575000
333.300000,N2,N10,100.62,54,buy,100.580000
333.800000,N13,N10,100.62,18,buy,100.580000
333.800000,N13,N4,100.64,8,buy,100.590000
333.900000,N13,N4,100.64,41,buy,100.590000
333.900000,N13,CB,100.66,9,buy,100.600000
333.900000,N13,N14,100.68,44,buy,100.610000
333.900000,N13,N3,100.72,5,buy,100.630000
334.100000,N6,N7,100.73,45,buy,100.635000
334.400000,N5,N7,100.73,12,buy,100.635000
334.400000,N5,N13,100.73,12,buy,100.635000
334.400000,N5,MM,100.73,24,buy,100.635000
334.800000,CB,N1,100.67,90,buy,100.635000
334.800000,CB,MM,100.73,3,buy,100.665000
335.100000,N8,MM,100.73,53,buy,100.665000
335.100000,N8,N2,100.75,7,buy,100.675000
335.600000,N0,N2,100.75,37,buy,100.675000
335.600000,N0,N7,100.77,19,buy,100.685000
335.900000,N3,N14,100.78,56,buy,100.660000
335.900000,N6,N14,100.78,33,buy,100.660000
335.900000,N6,N3,100.85,27,buy,100.695000
335.900000,N6,N14,100.92,34,buy,100.730000
336.800000,N10,N11,100.59,25,buy,100.580000
337.000000,N6,N0,100.58,81,buy,100.575000
337.000000,N6,N11,100.59,18,buy,100.580000
337.100000,N11,N6,100.57,14,sell,100.580000
337.100000,N10,N6,100.55,28,sell,100.570000
337.100000,MM,N6,100.54,17,sell,100.565000
337.300000,N7,N11,100.59,52,buy,100.565000
337.300000,N7,N11,100.61,25,buy,100.575000
337.500000,MM,N13,100.54,25,sell,100.575000
338.000000,MM,N14,100.54,12,sell,100.575000
338.300000,N0,N12,100.55,80,sell,100.555000
338.300000,MM,N12,100.54,8,sell,100.550000
339.000000,MM,N3,100.54,18,sell,100.550000
339.000000,N11,N3,100.53,29,sell,100.545000
339.000000,N14,N3,100.50,46,sell,100.530000
339.100000,MM,N13,100.55,25,sell,100.555000
339.200000,MM,N2,100.55,55,sell,100.555000
339.200000,N14,N2,100.50,5,sell,100.530000
339.300000,N5,N4,100.56,35,buy,100.530000
339.400000,N2,N11,100.61,14,buy,100.585000
339.400000,N2,N14,100.61,34,buy,100.585000
339.600000,N5,N14,100.61,29,buy,100.555000
340.700000,N10,N7,100.62,14,buy,100.585000
341.000000,N6,N5,100.55,41,sell,100.585000
341.000000,N0,N5,100.53,13,sell,100.575000
341.000000,N12,N5,100.52,16,sell,100.570000
341.100000,N7,N7,100.62,58,buy,100.570000
341.200000,N12,N0,100.52,18,sell,100.570000
341.200000,CA,N0,100.52,49,sell,100.570000
341.200000,N10,N7,100.62,22,buy,100.570000
341.200000,N10,N9,100.62,10,buy,100.570000
341.200000,N10,N7,100.64,33,buy,100.580000
341.200000,N10,N12,100.64,31,buy,100.580000
341.200000,CB,N12,100.64,11,buy,100.580000
341.300000,N5,N12,100.64,18,buy,100.580000
342.300000,N5,N14,100.64,40,buy,100.610000
342.300000,N5,N9,100.67,38,buy,100.625000
342.700000,N12,N9,100.67,19,buy,100.625000
342.800000,N12,N9,100.67,38,buy,100.625000
342.800000,N12,MM,100.67,6,buy,100.625000
342.900000,N10,N10,100.58,73,sell,100.625000
343.100000,N2,N5,100.61,33,sell,100.640000
343.100000,N10,N5,100.58,6,sell,100.625000
343.100000,N3,N5,100.57,8,sell,100.620000
343.200000,N6,MM,100.67,33,buy,100.620000
343.400000,N4,MM,100.67,41,buy,100.620000
343.400000,N4,N8,100.70,25,buy,100.635000
343.500000,N3,N2,100.57,48,sell,100.635000
343.600000,N11,N8,100.70,26,buy,100.635000
343.800000,N6,N8,100.70,19,buy,100.635000
344.100000,N6,N10,100.70,36,sell,100.705000
344.200000,N6,N6,100.70,31,sell,100.705000
344.200000,N3,N6,100.57,10,sell,100.640000
344.200000,MM,N6,100.57,43,sell,100.640000
344.300000,N8,N14,100.71,22,buy,100.650000
344.300000,N8,N9,100.71,31,buy,100.650000
344.300000,N8,N5,100.73,15,buy,100.660000
344.500000,N13,N5,100.73,45,buy,100.675000
345.100000,N6,N5,100.73,22,buy,100.720000
345.100000,N6,N3,100.74,55,buy,100.725000
345.500000,N0,N5,100.73,30,sell,100.735000
345.600000,N0,N14,100.73,59,sell,100.735000
345.600000,N11,N14,100.71,31,sell,100.725000
345.900000,N0,N3,100.74,12,buy,100.725000
345.900000,N0,MM,100.77,31,buy,100.740000
346.100000,N3,CA,100.75,11,buy,100.730000
346.200000,N11,N2,100.71,22,sell,100.730000
346.500000,N11,N0,100.71,11,sell,100.730000
346.600000,N6,N8,100.69,36,sell,100.700000
346.600000,MM,N8,100.67,20,sell,100.690000
346.800000,N11,N0,100.71,28,buy,100.690000
346.800000,N11,CA,100.75,11,buy,100.710000
346.900000,N9,CA,100.75,44,buy,100.710000
346.900000,N9,MM,100.77,23,buy,100.720000
347.000000,N10,MM,100.77,20,buy,100.725000
347.400000,N4,MM,100.77,6,buy,100.750000
347.400000,N4,N9,100.82,17,buy,100.775000
347.450000,CB,CA,100.76,75,buy,100.745000
347.800000,CB,N1,100.79,16,buy,100.760000
347.900000,CA,N1,100.79,4,buy,100.760000
348.000000,N2,N9,100.82,25,buy,100.805000
348.000000,N2,N10,100.83,21,buy,100.810000
348.000000,N2,N5,100.83,19,buy,100.810000
348.900000,N9,N5,100.83,21,buy,100.815000
348.900000,N9,N1,100.83,50,buy,100.815000
348.900000,N9,N14,100.84,20,buy,100.820000
348.900000,CB,N14,100.84,22,buy,100.820000
349.600000,N10,N14,100.80,28,sell,100.820000
349.600000,CA,N14,100.79,22,sell,100.815000
350.500000,N4,N14,100.84,35,buy,100.815000
350.500000,N4,MM,100.85,25,buy,100.820000
350.700000,CA,N1,100.79,51,sell,100.820000
350.700000,MM,N1,100.75,7,sell,100.800000
351.500000,N10,N13,100.73,70,sell,100.740000
351.500000,N14,N13,100.73,9,sell,100.740000
351.600000,N14,N13,100.73,12,sell,100.740000
351.600000,N14,N14,100.73,33,sell,100.740000
351.800000,N14,N3,100.73,35,sell,100.740000
351.800000,N1,N3,100.71,6,sell,100.730000
351.800000,N1,N7,100.71,88,sell,100.730000
351.800000,N6,N7,100.71,10,sell,100.730000
352.200000,N8,N5,100.74,36,buy,100.725000
352.200000,N8,MM,100.75,54,buy,100.730000
352.300000,N6,N2,100.71,86,sell,100.730000
352.300000,N1,N2,100.69,1,sell,100.720000
352.300000,N1,N7,100.69,33,sell,100.720000
352.300000,N8,N7,100.68,41,sell,100.715000
352.300000,N13,N7,100.68,16,sell,100.715000
352.400000,N13,N0,100.68,70,sell,100.715000
352.400000,CA,N0,100.67,9,sell,100.710000
352.700000,N2,MM,100.75,26,buy,100.710000
352.700000,N2,N7,100.77,30,buy,100.720000
352.700000,N2,N5,100.79,17,buy,100.730000
352.700000,N2,N12,100.80,20,buy,100.735000
352.900000,CA,N3,100.67,27,sell,100.735000
353.100000,N6,N3,100.66,23,buy,100.655000
353.100000,N6,N12,100.80,16,buy,100.725000
353.100000,N6,N5,100.80,23,buy,100.725000
353.200000,N13,N10,100.65,18,sell,100.725000
354.100000,N6,N0,100.68,36,sell,100.695000
354.100000,N14,N4,100.63,67,sell,100.645000
354.100000,N5,N4,100.63,20,sell,100.645000
354.200000,CA,N0,100.66,13,buy,100.645000
354.200000,CA,MM,100.71,76,buy,100.670000
354.700000,N5,N6,100.63,11,sell,100.645000
354.700000,N7,N6,100.63,12,sell,100.645000
354.800000,N7,CB,100.63,22,sell,100.645000
354.800000,N11,CB,100.62,52,sell,100.640000
355.400000,N11,N2,100.62,32,sell,100.640000
355.400000,N4,N2,100.62,19,sell,100.640000
355.400000,CA,N2,100.62,1,sell,100.640000
355.800000,CA,N10,100.62,59,sell,100.640000
